3200 5092
577 508 844 588 Penei,
1095 499 1221 617 ³339

231 702 365 777 lorum
385 694 508 776 aliena
532 694 692 796 ,scriptos
712 692 848 772 fuisse?
872 696 1017 800 Ecquid
1034 696 1137 777 enim
1152 724 1219 775 ne·

230 799 334 878 cesse
358 802 430 879 fuit
453 798 530 887 alio
557 796 740 875 orationis
760 822 901 904 genere
922 802 981 880 vti
998 804 1038 876 in
1054 800 1218 882 decretis

229 904 446 993 canonicis,
482 900 559 977 atio
593 900 686 976 item
716 899 756 975 in
784 901 870 979 aliis
892 903 958 983 seu
986 903 1123 996 libris,
1150 903 1217 980 seu

229 1002 441 1107 Epistolis?
466 999 585 1102 Atqui
602 1003 674 1081 hoc
690 1001 744 1080 ita
762 1001 834 1081 effe
849 1004 1023 1111 prorsus,
1051 1003 1099 1085 vt'
1113 1005 1218 1100 dixi,

231 1108 361 1196 cuiuis
381 1104 598 1210 inspicienti
617 1104 771 1207 patebit.
1155 1163 1161 1186 t

186 1289 194 1352 i
205 1317 214 1324 ·
228 1293 305 1361 En!
327 1297 359 1358 in
378 1292 427 1356 his
442 1292 614 1356 canonibus
629 1295 733 1375 paffim
757 1277 851 1378 ‘legas
875 1294 1059 1362 vocabula:
1078 1294 1217 1360 clericus.-

189 1381 202 1440 '.
317 1378 463 1453 catalogus
497 1377 688 1440 clericorum:
725 1376 841 1439 lec‘sor:
880 1394 1004 1444 cantor:
1056 1379 1212 1459 sacerdos:

309 1459 498 1541 ‚sacerdotalis
530 1456 752 1543 administratio:
787 1458 905 1521 laicus:
940 1462 1118 1546 pentecoste,
1156 1463 1216 1525 alia

201 1573 228 1628 '.
325 1545 394 1607 eius
411 1546 536 1626 generis
553 1550 661 1625 plura.
684 1560 766 1625 quae
784 1543 817 1604 in
834 1544 977 1628 genuinis
1000 1545 1217 1635 apostolorum

320 1629 445 1711 scriptis
470 1630 681 1713 nequidquam
714 1623 894 1709 quaesieris.

555 1906 593 2015 ς.
618 1877 879 1990 cnxxxvn⁸

666 2091 779 2173 Idem.

186 2293 195 2370 J
260 2379 263 2385 .
323 2279 425 2356 Tum
440 2303 538 2361 vero
564 2280 651 2379 IV.)
671 2302 852 2375 canona,
877 2278 1076 2384 dequibus
1094 2277 1219 2360 sermo

233 2376 345 2459 nobis
372 2381 446 2471 est,
472 2387 556 2462 eius
580 2384 716 2462 aetatis
740 2383 813 2460 eise
844 2410 919 2463 non
946 2382 1065 2484 posse,
1107 2382 1219 2463 cuius

234 2484 497 2564 Tvnnunvs
522 2510 609 2564 cum
625 2482 718 2560 aliie
726 2485 949 2585 quibusdam
973 2484 1047 2564 effe
1063 2505 1218 2564 conten·

235 2587 353 2678 dunt,
379 2589 615 2667 velenvno
638 2607 862 2689 argumento
879 2586 970 2665 satis
986 2588 1114 2665 euinci
1139 2582 1217 2690 pos·

232 2683 273 2766 se
302 2689 476 2784 videtur,
502 2692 603 2795 quod
625 2684 712 2765 fieri
738 2716 821 2765 non·
839 2689 984 2796 potuiq„
1020 2708 1066 2767 vt
1086 2687 1136 2767 iis
1173 2688 1215 2765 in

234 2789 407 2871 ecclefiis
442 2792 604 2897 cognitis
646 2792 728 2868 eius
755 2790 905 2895 generis
938 2787 1217 2871 controuerfiae

213 2894 407 2987 moueri,
429 2915 496 2974 aut
515 2892 618 2972 nasci
646 2917 794 2974 errores
821 2893 1052 3000 contigisset,
1079 2891 1218 2996 quibu'c

232 3021 280 3080 ea
294 2997 420 3077 secula
431 2994 614 3076 laborasse
631 2994 720 3074 satis
737 2997 888 3078 constat.
917 2998 1046 3105 Quid?
1072 2996 1169 3097 quod
1187 2989 1217 3071 st

234 3107 423 3179 canonum
440 3101 491 3180 fic
505 3098 692 3179 ditiorum
707 3099 992 3203 apostolicorum
1010 3096 1218 3182 auctoritas

234 3203 356 3295 valet,
367 3202 485 3309 ipsam
495 3199 689 3283 ecclesiam
702 3201 931 3286 catholicam
940 3198 1157 3307 turpissimis
1173 3200 1215 3278 in

234 3306 428 3407 erroribus
436 3306 584 3386 versari
593 3324 755 3408 oportet,
764 3325 898 3412 utpote
919 3333 1015 3413 quae
1039 3306 1215 3408 dogmata

205 3406 431 3510 -sequitur,
471 3407 635 3490 decretis
665 3407 808 3488 horum
843 3435 1032 3493 canonum
1063 3402 1226 3511 prorsus‘

234 3509 474 3620 dissentanea.
987 3525 989 3530 '

236 3698 334 3789 Age!
356 3701 513 3786 exemplis
531 3697 611 3765 Istud
629 3699 756 3783 quidem
774 3696 979 3764 illustremut.·
1013 3697 1055 3760 In
1074 3714 1131 3759 can
1160 3700 1213 3773 46.

320 3788 364 3850 ita
394 3796 539 3852 cautum:
565 3783 753 3869 Epijcopum,
783 3798 834 3843 aut
851 3780 1043 3866 presbyterum
1066 3778 1216 3845 haeretico·

231 3900 236 3911 ·
328 3886 389 3931 rum
404 3868 597 3953 suscipientem
628 3866 763 3954 baptisma
784 3862 911 3930 danmari
931 3862 1129 3950 praecipimus.
1152 3864 1215 3943 Qui

301 3970 421 4016 canon
436 3951 457 4018 fi
475 3968 574 4016 vetus
589 3948 653 4025 est,
681 3951 844 4036 quomodo
863 3966 942 4014 vera
964 3945 1026 4013 esse
1044 3944 1147 4034 potest
1163 3962 1215 4009 ca·

319 4035 440 4100 tholica
464 4035 609 4111 traditio,
637 4033 678 4099 ad
702 4052 795 4116 quan
819 4032 896 4099 olint
921 4033 1111 4117 prouocauit
1130 4030 1214 4092 Sca·
1240 4033 1242 4038 “

320 4133 465 4188 tamt
480 4118 630 4210 pontifex
639 4135 819 4280 ‚quqequo
829 4117 1024 4208 baptismum
1040 4112 1213 4199 haeretico·
1229 4173 1233 4180 .

315 4239 317 4244 ·
758 4230 778 4306 3
1094 4223 1165 4274 cunt
