3200 5092
294 588 368 664 144
392 567 813 669 Ivn1sruvnuuu1au
834 557 1230 656 Eccuusiasrrcnu‚

377 756 475 821 solida
491 752 577 815 illius
595 745 804 829 intelligentia
829 740 891 807 elle
915 743 1006 827 posse
1032 726 1168 820 vtilius'2
1201 746 1288 812 nibil
1319 703 1329 816 ι,

374 841 413 904 ad
432 835 612 901 firmandam
628 833 799 896 veritatem
819 827 967 894 validiuo
1126 831 1131 850 ³

668 1016 707 1122 p.
748 1016 916 1109 ccxvi.

277 1310 279 1319 ¹
325 1222 476 1338 Quibus
499 1187 620 1303 orodis
633 1220 804 1422 ρεέςτλᾷιε
829 1214 1069 1383 ecglestastica
1095 1243 1119 1292 a
1145 1211 1250 1295 ciuili
1279 1290 1292 1313 Ι

725 1353 738 1399 z
771 1344 871 1405 erat.

381 1478 550 1560 Ecclelia
567 1501 680 1586 atque
695 1478 910 1577 respublica
932 1478 1028 1555 duae
1053 1475 1140 1552 sunt
1160 1474 1290 1554 homi·

293 1610 384 1661 num
400 1585 607 1663 societates
618 1586 714 1662 adeo
732 1582 778 1659 ad
799 1605 1038 1659 communem
1054 1578 1289 1657 felicitatem

295 1684 544 1782 neceilariae,
573 1694 618 1764 vt
642 1684 718 1763 fine
746 1684 864 1762 huius
888 1682 1128 1764 iadiuraillis
1144 1707 1288 1772 carere
1324 1727 1330 1734 ·

293 1813 412 1893 genus
429 1790 636 1867 humanum
657 1809 833 1888 nequeat.
875 1792 1006 1891 Quare
1024 1785 1123 1861 nihil
1137 1784 1287 1864 mirum

293 1893 364 1983 est,
381 1894 525 1967 nullam
540 1916 659 1993 paene
677 1889 840 1965 existere
856 1890 897 1967 in
913 1890 1004 1965 orbe
1017 1886 1197 1988 uniuerso
1217 1888 1288 1968 ho·

292 1994 439 2069 minum
474 1992 759 2071 multitudinem
799 1990 877 2078 fine
914 1990 1197 2071 consociatione
1229 1991 1293 2070 c'i'··

293 2095 388 2184 uili,
414 2092 502 2170 fine
523 2095 722 2201 religione.
776 2098 819 2169 Id
844 2096 943 2195 quod
970 2114 1196 2170 tamennon
1215 2093 1286 2172 im·

292 2198 419 2300 pedit,
447 2221 523 2302 quo
540 2198 665 2276 minus
685 2195 851 2298 origine,
880 2195 1028 2271 interna
1047 2193 1283 2292 constitutio·-

183 2328 187 2333 ·
291 2328 361 2395 ne,
389 2319 503 2404 atque
513 2297 598 2396 fine
615 2326 639 2379 a
658 2299 695 2378 se
712 2300 853 2377 mirum
884 2319 1069 2404 quantum
1091 2295 1284 2382 differant.

234 2512 237 2516 ·
295 2490 512 2575 Quaecunque
536 2490 575 2556 ad
609 2492 794 2558 veritatem·
817 2492 969 2578 proprius
993 2492 1148 2559 adcedere
1174 2489 1283 2560 exiiii-

375 2580 502 2652 metui,
524 2587 575 2641 tot
605 2578 707 2654 inter,
736 2590 771 2642 et
800 2587 864 2642 tatu
890 2579 992 2640 variat
1020 2575 1283 2655 eruditorum'de

376 2659 491 2750 origine
508 2662 673 2725 ciuitatum
688 2654 879 2733 sententiaa,
904 2658 986 2724 illud
1016 2672 1120 2723 tamen
1147 2663 1282 2726 omnino

376 2743 541 2811 indubium
570 2742 641 2818 est,
670 2743 735 2809 fine
760 2741 845 2808 fatto
878 2740 1016 2806 humano
1042 2744 1283 2810 interueniente

374 2829 522 2892 ciuitates
545 2845 611 2890 non
632 2829 809 2895 constitui:
841 2820 961 2890 Contra
995 2838 1101 2893 autem
1125 2827 1282 2894 ecclefiae

377 2914 464 2973 initia
479 2910 585 2973 inulto
601 2908 690 2973 fuiile
705 2909 899 2992 augustiora,
919 2921 1042 2993 vtpote
1058 2918 1170 2994 quaen
1186 2912 1287 2988 Chri,

374 2992 421 3055 iio
438 2993 568 3075 generis·
584 2992 708 3059 humaui
728 2995 911 3059 redemtore
925 2992 989 3057 fine
1013 2996 1089 3060 vilo
1107 2994 1192 3060 fatto
1224 2995 1280 3060 ini·

374 3073 694 3159 ruediute'profeiia,
719 3094 752 3145 et
777 3095 839 3162 per
863 3079 955 3141 viros
979 3076 1022 3141 ab
1041 3099 1082 3143 eo
1108 3076 1213 3143 miiios
1240 3080 1280 3146 ad

373 3174 434 3220 nos
450 3159 551 3239 vique
569 3174 744 3245 propagata
767 3159 822 3226 est.
865 3160 961 3239 Quod
978 3161 1020 3225 ad
1035 3166 1171 3227 internum
1191 3145 1279 3226 eccie·

366 3241 430 3324 fiae
455 3236 676 3318 constitutionem
704 3249 876 3328 pertinet,
907 3250 1052 3325 quamuis
1077 3250 1110 3309 in
1136 3266 1177 3312 eo
1202 3248 1304 3313 cum·

373 3326 460 3391 omni
475 3325 634 3409 inaequali
654 3332 836 3394 societate.
860 3343 897 3404 ac
923 3328 1058 3407 proinde
1081 3331 1175 3396 etiam
1200 3334 1281 3396 ciui·

373 3423 442 3477 tate
452 3411 646 3488 conueniat,
676 3429 717 3478 vt
740 3412 858 3481 ordine.
885 3410 1006 3477 constet
1031 3415 1278 3498 imperantium.

318 3531 320 3538 ν
372 3509 407 3560 et
430 3496 637 3578 parentium,
670 3494 813 3561 existimo
835 3505 941 3559 tamen
968 3495 1180 3579 vehementer
1205 3497 1279 3564 fulli

373 3594 503 3652 omnes,
526 3580 708 3661 quicunque
719 3582 863 3647 solennes
882 3582 954 3644 ilias
972 3583 1279 3665 rerumpublicarum

373 3657 489 3723 formas
511 3664 545 3724 in
566 3662 730 3729 ecclesiam
755 3660 950 3738 transferre,
973 3678 1008 3731 et
1026 3685 1068 3729 ex
1087 3667 1123 3727 iia
1145 3665 1279 3729 moduni

373 3741 531 3826 tegendae
548 3745 700 3812 ecclesiae
718 3748 861 3814 deriuare
880 3752 1036 3815 nituntur.
1071 3749 1169 3812 *Finis
1187 3750 1279 3815 deni·

374 3843 438 3907 que
457 3825 619 3893 ciuitatum
646 3848 710 3894 non
737 3833 818 3897 alius
844 3827 907 3907 eii,
937 3848 1029 3912 quam
1056 3828 1193 3915 felicitas
1220 3851 1279 3898 ex·

262 3942 264 3946 ⁷
372 3920 487 3985 terna3
512 3923 546 4003 at
573 3913 603 3973 in
630 3915 805 3998 rengione,
836 3919 867 3979 in
891 3913 1096 3979 ecclefiasiica
1125 3919 1278 3983 societate

374 3998 455 4062 iulus
471 3995 593 4057 interna
612 3999 751 4074 animae,
768 4014 867 4081 atque
893 4014 1020 4062 aeterna
1047 4003 1206 4078 quaeritur
1230 3998 1278 4065 fe-

370 4082 500 4153 ticitas,
521 4080 615 4147 etiam
644 4081 772 4149 reieuis
794 4084 847 4156 hir
871 4085 961 4149 vitae
988 4085 1162 4169 praesentis
1187 4102 1278 4149 com-

293 4211 295 4216 ,
372 4162 488 4231 modis.

883 4254 888 4268 Χ
970 4260 1010 4369 S
1037 4265 1222 4345 ctxvss.
