3200 5092
634 545 965 629 'Pausi
1238 584 1285 634 11

375 746 412 795 re
428 728 561 879 pigrius
580 726 773 811 seiungunt,
793 721 870 790 huic
889 717 1019 788 naturae
1038 721 1149 791 officio
1174 728 1291 797 satisf-

375 816 466 882 ciunt
916 845 919 850 ·

705 1018 745 1124 §-
773 1023 878 1101 xiv.

298 1172 335 1257 Is
351 1175 430 1260 iure
450 1193 617 1260 naturae
626 1196 861 1357 p‘rlaeceptus
874 1163 1023 1282 quidem
1038 1177 1112 1278 est,-
1125 1175 1202 1286 sed
1217 1181 1292 1282 nou

687 1300 944 1361 etermmatua.

344 1434 400 1516 Et
415 1436 590 1545 quamuis
603 1436 745 1516 exinde
755 1436 833 1516 iam
851 1436 942 1517 satis
954 1441 1149 1543 adpareat,
1177 1461 1293 1542 quam

298 1538 458 1622 absurda
484 1541 531 1622 fit
557 1542 713 1619 illorum
749 1540 955 1634 sententia,
983 1546 1051 1647 qui
1081 1546 1207 1624 cultus
1227 1568 1293 1622 ex·

299 1645 400 1728 terni
426 1642 687 1726 neceffitatem
723 1643 811 1721 iure
847 1666 1009 1728 naturae
1040 1651 1187 1728 nullam
1218 1646 1292 1723 effe

295 1744 422 1838 aiunt3
449 1751 492 1828 id
510 1769 636 1828 tamen
668 1748 866 1827 fatendum
889 1748 964 1842 est,
998 1751 1105 1856 leges
1138 1770 1293 1829 natura·

292 1848 347 1925 les
365 1853 530 1932 minime
547 1852 826 1945 determinare,
852 1858 984 1955 quoin
1008 1855 1116 1938 loco,
1142 1849 1292 1957 'quibua
1367 1919 1374 1932 s

293 1948 448 2051 diebus,
475 1958 640 2060 quoties,
666 1974 734 2033 aut
753 1981 827 2058 qua
844 1956 969 2035 forma
978 1953 1191 2055 reeenfita(
1210 1955 1292 2059 sup.
1415 2033 1420 2038 .

293 2058 355 2163 55.
387 2087 448 2137 12.
480 2086 541 2158 13.
561 2058 582 2163 )
603 2079 767 2139 externa
786 2060 944 2163 pietatis
959 2060 1150 2142 exercitia
1168 2058 1293 2164 expli·

295 2165 414 2246 canda
434 2159 604 2255 fiut‚·vt
622 2187 726 2266 ¹ergo
749 2161 952 2243 vniuersus
977 2164 1060 2243 fere
1077 2151 1205 2246 cult'us
1224 2186 1290 2241 ex·

293 2290 427 2350 ternus
440 2264 602 2345 arbitrio
625 2269 691 2345 vel
712 2268 817 2362 Dei,
844 2266 911 2346 vel
934 2264 1135 2347 hominum
1162 2265 1289 2346 adhuc

294 2370 421 2474 magis
441 2370 686 2449 determinari
706 2372 861 2459 debeat3
889 2367 938 2450 iis
967 2391 1096 2453 tamen
1125 2367 1289 2453 cautelis

296 2482 461 2555 vt'autur
485 2470 652 2553 homines
670 2471 818 2551 necesse
835 2471 910 2569 est,
937 2499 985 2553 ne
1001 2474 1152 2566 media,
1189 2495 1290 2577 quae

300 2577 369 2662 eise
386 2575 587 2675 deberent,
614 2577 682 2656 suo
692 2573 764 2655 fini
780 2598 951 2680 vuquam
967 2579 1238 2658 aduerieutur.

304 2783 454 2870 Equidem
478 2804 544 2852 non
565 2746 756 2865 defuerunt,
779 2788 834 2870 qui
851 2785 961 2851 cultus
975 2782 1082 2864 istius,
1106 2804 1204 2873 quem
1230 2803 1284 2851 ex·

378 2880 502 2936 ternum
519 2870 681 2951 diximus,
703 2873 918 2938 neceffitatem
934 2890 977 2935 ex
990 2874 1114 2936 milone
1134 2869 1223 2960 posse
1233 2868 1288 2935 de·

375 2954 539 3022 monstrari
556 2960 712 3041 negarint.
736 2954 854 3024 Etenim
860 2954 894 3035 st
909 2954 1291 3105 Deumrcsgiciusdnquit

381 3042 600 3105 Tuomasws
619 3041 750 3128 Iarispt.
772 3039 861 3103 diuin.
885 3038 955 3105 Lib.
974 3035 1022 3105 II.
1069 3040 1160 3126 cap-,L
1182 3048 1216 3114 15.
1241 3055 1289 3102 12.

271 3186 279 3211 ἱ
381 3124 475 3189 Duvs
494 3125 573 3189 cultu
588 3124 641 3208 isto
666 3124 878 3191 exteriorenon
906 3120 986 3185 tabet
1020 3144 1101 3210 opus.
1148 3123 1296 3219 Quantum

378 3226 444 3272 uero
457 3206 646 3276 ad'iominem
658 3210 781 3288 attinet,
800 3206 899 3295 pergit
913 3207 939 3289 5.
975 3223 1023 3287 13.
1040 3207 1163 3273 hominis
1173 3203 1294 3287 finiali-

381 3306 442 3367 tus,
466 3299 514 3373 [eu
532 3296 596 3360 vita
612 3293 787 3379 tranquilla,
809 3292 860 3371 seu
877 3311 1037 3378 quocunque
1061 3292 1145 3356 modo
1174 3288 1294 3352 beatitu-

277 3416 280 3422 -
347 3439 351 3447 ,
381 3374 467 3440 dinem
487 3375 548 3441 eius
576 3378 755 3465 temporalem
777 3379 881 3459 efferre
907 3374 999 3452 velis,
1018 3376 1125 3439 direc'le
1141 3393 1196 3460 par
1212 3372 1293 3449 omi]-

374 3458 478 3542 stanem
497 3459 595 3526 harum
613 3464 756 3527 ac‘lionum
775 3477 955 3525 externarum
973 3480 1030 3522 aon
1047 3456 1188 3536 laeditur,
1206 3456 1291 3520 modo

380 3544 469 3606 cultus
492 3544 620 3609 internus
644 3569 701 3611 non
718 3544 850 3616 tollatur.
893 3547 1027 3606 *Verum
1058 3543 1080 3609 fi
1110 3541 1191 3608 haec
1209 3544 1292 3606 ratio

382 3629 513 3703 valeat,
536 3627 691 3697 fateamur
712 3627 840 3695 necesse
860 3625 928 3704 est,
957 3643 1000 3689 ne
1017 3629 1144 3694 interne
1160 3623 1292 3712 quidem

380 3721 490 3776 uatuta
510 3714 683 3781 colendum
700 3712 763 3780 effe
787 3716 914 3783 Deum,
947 3712 1207 3798 quandoquidem
1223 3707 1293 3784 hoc
1364 3743 1368 3752 =

378 3812 444 3859 non
463 3799 593 3881 magis,
626 3813 723 3886 atque
749 3798 810 3862 ilio
824 3799 916 3863 cultu
943 3796 1066 3882 indiget
1089 3802 1182 3881 Deus
1206 3794 1239 3857 in
1257 3797 1290 3856 se

367 3879 589 3952 ,beatiffimum
608 3886 699 3949 cuius
719 3896 825 3950 tamen
851 3880 960 3946 cultus
985 3881 1145 3947 interioris
1164 3878 1292 3943 neceffi·

377 3974 556 4029 tatem-uec
574 3966 629 4032 hic
646 3969 714 4052 ipse
733 3967 865 4051 quidem
890 3965 943 4029 vir
960 3965 991 4029 in
1008 3964 1140 4031 dubium
1168 3977 1292 4027 vocare

377 4051 467 4112 ausus
489 4046 545 4112 est.-
587 4051 757 4117 socialius
779 4063 884 4117 autem
904 4052 1100 4138 prinprium
1118 4045 1200 4114 illud
1224 4061 1294 4109 nou

377 4130 442 4209 est,
464 4152 509 4197 ex
522 4154 587 4219 quo
619 4135 810 4203 naturalium
838 4134 1019 4203 officiorum
1042 4126 1289 4220 amplitudinem

376 4214 517 4285 dimetiri
535 4220 650 4302 liceat,
674 4219 838 4311 quoditie
855 4218 1115 4409 ,auperpeam8
1127 4214 1290 4381 peise'asat.
