3200 5092
669 494 939 577 Pausi
1065 461 1070 482 ¹
1215 512 1289 595 „a

657 679 697 784 s.
724 682 908 760 cuxuu.

437 835 506 935 II.)
535 835 885 932 eonsupvuum
914 831 1162 930 Cancrum..

397 971 527 1069 Atque
544 964 641 1043 haec
656 965 703 1041 de
724 965 936 1057 canonibus
955 949 1213 1081 apostolorum
1235 962 1289 1041 la·

300 1068 353 1149 tis
374 1068 475 1150 dicla
493 1065 615 1144 sunto.
646 1072 820 1170 Quorum
839 1065 1124 1157 collecbronem‚
1150 1063 1179 1142 fi
1201 1089 1293 1142 Pru·
1362 1089 1366 1098 ⁵

301 1193 415 1250 Mam
443 1168 572 1246 dicere
606 1173 817 1263 volumus,
869 1172 991 1250 altera
1032 1165 1136 1257 erit,
1177 1190 1291 1271 quarn

305 1276 554 1355 Tnsouosu
573 1273 630 1347 M.
656 1274 893 1377 temporibus
919 1272 1022 1352 circa
1041 1294 1184 1347 aunum
1204 1280 1288 1367 385.

299 1368 548 1475 compositam
574 1372 647 1452 elle
672 1378 874 1454 admodum
903 1374 1060 1452 videtur
1083 1370 1289 1474 probabile.

295 1475 557 1558 auctoretas
593 1477 678 1580 quis
712 1478 858 1572 fuerit,
908 1479 1077 1554 nondum
1108 1473 1292 1553 conuenit

298 1579 406 1659 inter
423 1578 600 1658 eruditos.
654 1583 698 1657 In
714 1606 760 1659 ea
777 1580 843 1658 hic
858 1576 1144 1657 ‘budoseruatus
1158 1574 1221 1666 est,
1242 1596 1289 1654 vt

301 1681 867 1783 postConc1u11Nrcnunau
890 1703 1053 1761 canones
1073 1675 1180 1780 (cui,
1191 1678 1292 1780 quod
1329 1691 1333 1706 “

327 1782 466 1857 nimum
482 1780 574 1862 effet
591 1784 1107 1870 conciliumoecumenicum‚
1126 1782 1292 1859 ishonos

299 1810 454 1964 babitus
471 1888 547 1981 est)
560 1887 602 1963 in
619 1887 782 1991 reliquis
795 1887 1035 1967 recensendis
1053 1883 1292 1973 TEM'Poqu,

298 2011 376 2167 ppo
391 1993 694 2093 unumquodque
704 2013 838 2068 eorum
856 1983 1175 2077 celebraturum,
1189 1982 1291 2061 ratio

254 2179 265 2192 ι
336 2087 527 2165 aberetur.
554 2092 699 2172 Eorum
710 2115 838 2171 autem
851 2095 1294 2192 omniumcanonesper·

300 2210 418 2294 petua
428 2194 587 2287 quadam
602 2197 718 2286 serie,
743 2198 947 2298 eademque
966 2216 1296 2280 nunzaorumcon·

288 2292 494 2398 sequentia
520 2318 723 2395 ponuntur.
770 2301 813 2375 Id
839 2304 960 2405 quod,
987 2320 1037 2372 ne
1065 2294 1180 2373 facile
1204 2293 1292 2372 dolo

298 2391 385 2474 falfi
402 2396 554 2473 obtrudi
574 2422 736 2476 canones
753 2400 914 2499 pollent,
939 2399 1086 2479 summa
1098 2395 1291 2492 cautione,

302 2515 348 2577 et
371 2498 576 2601 prudentia
593 2497 770 2582 effetum
788 2500 851 2584 est.

303 2687 475 2771 Tempus,
497 2703 564 2767 quo
589 2682 671 2751 haec
692 2689 849 2757 collectio
875 2687 977 2766 faeta,
999 2705 1187 2773 quamquam
1215 2655 1288 2753 ibtls

391 2782 516 2835 certum
543 2769 681 2849 nonsit,
703 2775 886 2842 coniedtura
909 2786 1014 2838 tamen
1036 2771 1164 2855 adsequi
1191 2767 1295 2853 pollu-

388 2871 468 2917 tnus.
513 2854 637 2918 Nititur
660 2852 765 2922 autem
783 2857 850 2924 hoc
872 2855 1096 2933 fundamento,
1119 2856 1205 2937 quod
1220 2871 1291 2917 auc·
1399 2858 1402 2866 '

316 2985 318 2990 .
391 2946 444 3000 tor
468 2939 553 3013 eius,
583 2940 724 3024 quisquis
751 2942 878 3008 demum
906 2943 931 3005 is
961 2940 1079 3016 fuerit,
1111 2940 1145 3002 in·
1166 2941 1292 3003 canoni·

393 3019 453 3084 bus
480 3019 660 3085 coucam
689 3026 1130 3090 Cousrnurruorourraur
1160 3025 1189 3091 1.
1215 3020 1294 3087 dest·
1329 3060 1331 3063 >

394 3116 470 3178 nat,
492 3117 533 3167 vt
552 3105 591 3168 de
614 3122 655 3174 eo
672 3108 803 3177 testatur
827 3108 1004 3175 Drouusn
1032 3111 1171 3171 Exrovr
1196 3103 1295 3191 episto·

394 3188 425 3249 la
455 3190 710 3270 interpretationi
743 3194 947 3260 collectionis
971 3207 1104 3275 graecae
1135 3189 1289 3275 praefixa.

385 3271 495 3338 Falsus
519 3272 615 3354 igitur
643 3273 764 3341 Gunu.
793 3298 866 3342 vnn
890 3278 1135 3343 Masrntctru.
1157 3274 1211 3357 qui
1230 3273 1295 3355 pri·
1353 3272 1357 3278 ’

393 3373 474 3417 tuam
491 3372 675 3441 gtaecorum
690 3362 917 3428 colledionem
937 3365 997 3425 iam
1024 3356 1207 3420 Coucmo
1227 3357 1292 3420 Nn·

390 3456 489 3508 caeno
517 3457 665 3505 coaeuam
684 3443 787 3511 statuit
813 3449 844 3510 in
877 3443 938 3525 lust.
964 3440 1022 3505 iur.
1044 3437 1142 3500 eccles.
1175 3443 1211 3512 tl.
1242 3453 1294 3519 27.

385 3523 565 3590 aucorem
595 3523 688 3592 huius
722 3529 926 3596 collectionis
950 3526 1005 3590 alii
1030 3518 1151 3587 faciunt
1186 3520 1291 3584 Stur-

390 3625 473 3671 nvu
501 3606 755 3676 macedoniorum
772 3614 858 3698 apud
880 3609 1071 3676 Heracleam
1095 3607 1129 3671 in
1153 3602 1292 3674 Thracia

394 3694 601 3777 episcopum,
629 3706 670 3758 vt
696 3701 791 3761 Aur.
822 3704 988 3761 Avovsr.
1023 3690 1056 3754 iu
1081 3689 1176 3778 praef.
1197 3684 1245 3751 Π.
1264 3691 1294 3753 in

390 3776 506 3857 miton.
535 3774 590 3838 iar.
606 3778 720 3861 pontifi·
733 3775 790 3845 'sed
816 3784 907 3846 nullo
945 3777 1064 3844 idoneo
1092 3785 1291 3858 argumento.

393 3857 470 3921 Vid.
489 3860 650 3924 Dovur.
660 3880 788 3947 praeuot.
809 3863 867 3940 iur.
893 3884 954 3928 cau.
976 3859 1026 3924 tib.
1047 3855 1115 3924 III.
1139 3877 1204 3941 cap.
1224 3852 1290 3922 ΙΙΙ.

394 3947 429 4013 5.
463 3960 490 4005 2.
526 3946 592 4008 Alii
629 3946 863 4014 Samnium
895 3944 1071 4031 praesulem
1109 3938 1293 4025 ephesinum

391 4024 479 4090 dudi
501 4024 693 4093 auctoritate
720 4030 797 4098 MS.
823 4031 878 4095 eod
911 4026 1165 4110 heidelbergnfis,
1196 4043 1293 4110 quem

391 4114 423 4182 se
440 4107 551 4177 vidisse
566 4111 736 4201 profitetur
748 4116 976 4182 cumsuonu.
991 4115 1192 4178 Ivsruuuvs
1208 4107 1293 4193 apud

715 4198 848 4300 Bb5
1173 4202 1239 4269 Ρε·
