3200 5092
712 551 969 631 Pnnsi.
1246 544 1314 624 2⁰¹
1424 621 1425 627 ,

335 697 337 702 ¹
420 733 599 808 Mosam
629 736 849 823 &Hermaites
880 739 1096 821 thcptntttbt
1109 772 1121 818 Ι
1147 754 1210 823 rap.
1236 735 1266 801 I.
1293 738 1321 817 i.

420 852 450 902 4.
464 847 496 913 p.
512 832 564 902 69.
589 824 654 887 Sed
676 829 799 891 ratione
817 844 919 909 aeque
938 823 1012 887 falia
1032 821 1129 889 ducti.

596 1089 601 1100 ,
669 1010 708 1113 t.
744 1011 979 1090 ccxxxiv.

424 1188 531 1276 ¹Non
556 1195 608 1295 est
632 1197 766 1299 neceffe
791 1224 918 1275 omnes
930 1193 1068 1296 fideles
1089 1193 1230 1274 vocari.

430 1373 602 1454 Concilia
626 1373 748 1480 igitur
774 1374 864 1456 sunt
895 1389 1107 1455 conuentus
1142 1370 1325 1476 praelato·
1360 1392 1366 1402 '

314 1497 431 1556 mm
452 1500 504 1554 ex
528 1476 710 1555 uniuerso
736 1478 828 1557 orbe
854 1478 1056 1563 christiano
1084 1488 1328 1657 conquegato·
1418 1527 1422 1532 -

289 1625 294 1643 ι
333 1595 458 1673 rrum,
484 1602 538 1657 ex
564 1603 639 1681 quo
666 1577 933 1683 consequitur,
967 1598 1015 1657 vt
1039 1602 1140 1680 expe
1179 1602 1235 1652 aru
1263 1598 1329 1652 ex·
1392 1583 1397 1596 ’

332 1675 507 1780 pediat,
551 1685 674 1759 donec
709 1704 761 1757 ex
812 1681 1004 1787 raecipuis
1039 1681 1170 1758 mundi
1208 1675 1328 1782 plagio

325 1781 430 1860 viri
452 1781 681 1862 illustriores
707 1708 925 1875 conffuanss
959 1793 1084 1887 neque
1112 1802 1240 1877 tamen
1264 1805 1327 1855 ne·

334 1881 444 1961 ceffe
469 1883 534 1970 fit,
562 1909 692 1963 omnes
710 1885 894 1992 cuiusque
915 1886 1066 1993 generis
1085 1880 1215 1963 fideles
1230 1880 1330 1984 chri-¹

333 1981 482 2075 ffianoa
507 1988 631 2067 eidem
659 1984 791 2068 adeffe.

342 2181 545 2275 Quinquam
566 2196 649 2260 euim
672 2216 798 2261 nameus
813 2201 1029 2284 praelatorum
1055 2199 1139 2265 solua
1156 2213 1219 2259 non
1236 2190 1330 2258 faciat

346 2322 355 2334 .
414 2279 604 2342 concilium
627 2283 890 2356 oecumenicum,
920 2299 961 2347 ne
991 2300 1141 2366 cogamur
1164 2278 1328 2345 adfirmare
1374 2329 1376 2336 .

433 2361 565 2428 alterum
586 2363 691 2429 altero
715 2368 816 2449 magis
849 2366 911 2432 effe
937 2370 1196 2431 oecumenicum:
1223 2381 1243 2425 n
1288 2373 1329 2424 ue

373 2439 383 2454 “
432 2441 482 2510 hie
501 2464 641 2527 vnquam
657 2448 694 2513 srt
712 2446 884 2525 definitus,
902 2458 994 2514 vtex
1010 2449 1172 2519 Marna.
1193 2444 1261 2512 XV
1280 2440 1330 2506 II.

432 2543 482 2597 πο.
526 2529 590 2593 hoc
613 2536 680 2596 erui
703 2543 864 2613 nequeat3
905 2534 977 2615 quia
1002 2543 1109 2597 tamen
1141 2530 1224 2597 fides
1243 2545 1330 2592 com-

432 2612 533 2676 munis
550 2612 613 2690 est,
636 2615 725 2680 etad
754 2632 866 2680 omnes
893 2618 1056 2694 pertinet,
1083 2616 1162 2681 iilud
1188 2614 1330 2699 inprimis

407 2704 410 2709 ·
433 2698 586 2781 rgendm
607 2697 667 2777 est,
686 2711 726 2763 vt
745 2698 849 2781 quoad
869 2697 939 2764 fieri
957 2698 1080 2781 potest,
1109 2715 1220 2763 omnes
1239 2695 1332 2759 maio·

435 2795 502 2846 rum
528 2784 669 2866 gentium
688 2782 873 2847 hierarchae
895 2782 1089 2858 orthodoxi,
1118 2794 1170 2847 aut
1196 2797 1257 2866 per
1284 2781 1331 2842 se.

435 2874 489 2927 aut
504 2883 565 2944 per
580 2868 723 2949 legatos,
746 2878 800 2930 aut
827 2866 939 2931 ihltem
961 2886 1019 2952 per
1046 2863 1195 2951 epistolas
1223 2860 1330 2927 adsunt·

434 2946 525 3012 Alias
545 2950 668 3033 quippe
685 2950 717 3013 ld
737 2961 863 3013 certum
894 2948 954 3026 eii,
982 2951 1139 3033 synodum
1169 2966 1234 3013 non
1261 2943 1354 3011 fore'
1395 3013 1398 3018 Δ

430 3028 578 3096 absolute
598 3033 853 3110 oecumenicam,
880 3033 986 3100 donec
1011 3033 1164 3098 ecclefiae
1191 3031 1332 3116 reliquae

353 3137 355 3142 ·
420 3112 631 3192 ,accesserine
678 3111 772 3196 Quod
790 3126 894 3179 autern
920 3120 1016 3204 saepe
1030 3118 1123 3181 etiam
1139 3119 1219 3183 alios
1237 3118 1332 3181 inter-

435 3193 522 3262 fuiffe
541 3199 687 3263 conciliis
706 3198 827 3265 constet
846 3220 889 3263 ex
907 3200 985 3267 actis
1001 3202 1237 3276 conciliorum,
1264 3202 1332 3263 eiua

436 3281 495 3345 alia
520 3281 565 3345 est
591 3286 683 3347 ratio.
731 3284 924 3366 Presbyteri
948 3304 1014 3351 non
1039 3304 1111 3349 raro
1136 3285 1331 3355 eruditione,
1411 3351 1413 3355 ,

436 3376 533 3448 atque
555 3368 703 3450 sapientia
733 3368 881 3431 celebres
897 3368 937 3434 ad
962 3371 1098 3435 concilia
1123 3368 1240 3434 admiffi
1262 3369 1334 3430 sunt

438 3447 595 3529 wafialendi
612 3455 720 3525 causa,
739 3452 899 3517 autetiam
919 3464 960 3516 vt
978 3452 1168 3536 disputando
1185 3451 1334 3517 aduersus

437 3528 666 3599 haerefiarchas
690 3531 787 3598 fidem
807 3531 997 3600 catholicam
1014 3534 1227 3601 vindicarent.
1274 3538 1334 3598 At-

437 3631 502 3697 que
520 3613 579 3681 hac
591 3616 634 3682 de
652 3622 739 3681 causa
768 3621 963 3682 Onroauas
983 3623 1015 3683 in
1043 3620 1214 3684 concilium
1238 3618 1335 3685 arabi-

437 3712 512 3763 cum
528 3699 571 3763 ab
590 3703 750 3783 episcopis
774 3700 974 3767 introducitis
996 3715 1086 3770 tanta
1108 3708 1277 3782 orationis,
1301 3718 1334 3767 er

439 3795 696 3868 argumentorum
711 3785 750 3846 vi
770 3785 950 3849 nascentem
968 3798 1035 3851 tum
1054 3806 1195 3853 errorem
1212 3792 1335 3873 impug-

438 3869 543 3945 nauit,
570 3878 611 3933 vt
637 3871 812 3951 plerosque
834 3868 917 3930 eius·
930 3869 1106 3950 auctores,
1127 3871 1335 3952 fautoresque

440 3963 482 4014 eo
505 3952 576 4037 ipso
597 3954 631 4015 in
656 3966 782 4036 patrum
802 3947 942 4017 consessu
957 3954 998 4017 ab
1012 3956 1128 4022 eodem
1143 3952 1351 4027 obduxeris

430 4032 523 4100 'teste
542 4040 701 4101 Evsmo
716 4034 767 4098 lib.
789 4028 845 4101 VI.
865 4031 927 4115 hist.
949 4037 1043 4116 ecelefi
1068 4062 1128 4127 cop.
1157 4059 1206 4121 37.
1228 4035 1336 4096 Mar,-

441 4131 608 4183 cnuoueu
638 4135 767 4203 quoque
795 4117 1101 4199 Parsnmnvn,
1128 4121 1213 4188 idem
1237 4115 1336 4182 refert

443 4199 595 4293 tiaVll.
609 4223 671 4289 cap.
690 4216 741 4279 aa.
757 4204 790 4267 in
796 4204 971 4368 1ἔνιειοάιιπι
990 4206 1210 4274 antiochenam
1228 4203 1337 4353 qdsssss*

1243 4305 1262 4352 u
1336 4331 1339 4335 .
