3200 5092
321 530 395 632 136
420 532 833 608 lvnrsnnvnunrnr
857 505 1258 605 Eccnusrnsrrcnn,

689 675 743 812 ς.
793 708 923 787 etur.

579 901 581 905 ’
712 838 935 977 Diuiditur.

412 1072 511 1151 Iuris
536 1072 653 1151 huius
678 1070 879 1151 diuifiones
906 1075 1004 1175 quod
1030 1070 1200 1166 attinet,
1236 1096 1297 1150 eat

211 1216 214 1225 ·
313 1174 479 1278 ¹quidem
501 1202 552 1253 ex
571 1175 692 1252 variis
708 1176 856 1277 legibus
887 1165 1188 1255 ecclefiasticisa
1213 1197 1297 1275 quo⁴

217 1327 219 1331 -
326 1277 446 1355 visin
470 1278 642 1355 ordinem
657 1277 781 1382 redigi
803 1275 967 1379 poliunt,
988 1306 1065 1359 nos
1081 1275 1297 1381 praecipua

291 1423 293 1434 ·
324 1380 452 1459 solum
468 1380 532 1460 hic
544 1382 722 1458 dabimus.
775 1380 974 1458 Diuiditur
994 1384 1045 1476 1.)
1061 1378 1104 1457 in
1118 1377 1297 1472 diuinum}

325 1484 442 1588 idque
469 1487 535 1561 vel
558 1482 746 1588 scriptum
770 1479 1072 1576 velaminum,
1112 1504 1152 1562 et
1181 1477 1297 1572 huma

304 1588 312 1655 .'
327 1616 442 1678 nunt,
486 1589 697 1691 quodcum
719 1590 833 1666 modo
858 1612 926 1691 per
957 1606 1078 1665 totam
1111 1582 1297 1664 ecclefian

200 1738 205 1743 -
326 1689 595 1769 auctoritatem
613 1687 635 1767 s
634 1717 718 1766 uam
737 1712 894 1778 exerat,
912 1692 1023 1767 modu
1041 1690 1144 1767 intra
1166 1685 1297 1766 limite

325 1792 493 1871 alicuius·
532 1791 642 1895 regni
661 1801 665 1809 ‘
684 1795 752 1881 vel
791 1792 1014 1895 prouinciae
1054 1790 1297 1882 contineatur

327 1896 402 1970 Vel
417 1892 620 1990 vniuerfale
636 1893 707 1976 est,
731 1898 798 1971 vel
850 1890 1053 1969 articulare
1077 1898 1132 1991 2.)
1159 1893 1201 1969 in
1240 1889 1295 1987 ,ub

325 1996 457 2090 licum,
486 1998 754 2099 etpriuntum;
769 2064 771 2066 .
788 1919 849 2072 eliy
857 1997 960 2072 enirn
973 1993 1130 2071 ecclefia
1147 1994 1297 2082 sueretu

327 2098 563 2201 inaequalis,
574 2097 828 2177 cuiusstatum
841 2097 1035 2201 publicum
1046 2095 1215 2174 Christus
1232 2094 1297 2203 ipl

271 2264 274 2273 f
327 2201 775 2305 ordinauit,f0rmamque
786 2200 880 2278 sacri
891 2197 1087 2304 regiminis
1105 2199 1297 2304 praescrip

326 2300 392 2396 stt,
424 2325 470 2381 vt
479 2304 547 2380 vel
563 2328 618 2392 ¹ex
633 2304 708 2384 hoc
722 2302 802 2381 solo
822 2304 1022 2404 adpareat,
1058 2307 1171 2403 quam
1186 2303 1297 2401 inept

323 2404 395 2497 fine
418 2405 500 2495 illi,
527 2408 592 2509 qui
611 2406 651 2483 in
670 2403 960 2512 quaestionibus
978 2402 1073 2481 iuris
1095 2400 1297 2484 ecclefinsti

326 2510 362 2589 ci
381 2508 526 2613 publici
553 2505 713 2587 adsolas
735 2509 820 2586 suas
838 2509 1046 2586 decretales
1066 2506 1293 2613 confugiunt

325 2612 387 2691 sed
407 2632 445 2689 et
461 2612 558 2703 illud
578 2611 655 2690 iam
672 2610 922 2714 intelligitur,
947 2636 1061 2713 quam
1077 2610 1223 2687 summe
1247 2635 1297 2716 ne

327 2714 525 2795 cellarium
543 2713 665 2795 fitius
681 2715 754 2791 hoc
771 2712 966 2813 publicum
982 2713 1097 2804 tota,¹
1112 2734 1156 2791 vt
1180 2712 1292 2792 aiunt

327 2844 446 2921 opera
462 2818 665 2911 addiscere,
675 2815 845 2919 illudque
862 2811 1099 2916 fundamenti
1113 2817 1200 2918 loco
1217 2837 1297 2918 prat

254 2953 263 2970 *
329 2919 453 3004 oculis
466 2916 614 3021 semper
628 2916 812 2997 habere..
991 2935 994 2943 ’
1258 2973 1262 2986 .

327 3123 411 3201 Iuris
428 3124 607 3208 ecclefiastiti
627 3126 818 3209 particularis
832 3132 991 3210 germaniae
1006 3130 1154 3215 principia
1170 3137 1246 3192 ante
1254 3111 1297 3191 ali

277 3238 280 3243 ·
410 3222 492 3290 quot
506 3228 638 3277 annosa
657 3231 707 3273 me
729 3210 832 3288 edita,
862 3218 922 3278 iam
937 3214 1043 3277 denuo
1061 3212 1245 3287 emendant,
1265 3223 1297 3278 ut

414 3313 480 3377 que
496 3296 606 3362 recudi
624 3295 740 3358 curaui.
763 3293 845 3358 Iuris
855 3311 959 3361 autem
974 3297 1040 3360 eccl.
1051 3291 1297 3377 Hunguriaepll

412 3381 522 3460 paucis
534 3379 647 3444 abhinc
657 3376 855 3467 menfibusin
866 3380 1049 3446 lucendata
1060 3378 1114 3479 egl.
1146 3374 1297 3460 Dereceffi

410 3461 566 3542 rarestudii
585 3462 662 3527 iuris
678 3459 856 3546 ecclesiastici
864 3462 937 3546 pall.
952 3465 1203 3547 elegantrffimam
1220 3479 1297 3546 prae

408 3544 561 3611 lufionenn
584 3544 768 3624 conscripsrt
792 3547 897 3611 Filius
915 3559 1023 3632 'meus‘
1044 3550 1108 3613 los.
1136 3553 1230 3608 Aur.
1262 3563 1297 3607 nr

407 3627 583 3695 erncnn
598 3628 740 3715 profeffinr
760 3628 818 3692 iur.
833 3651 893 3694 can.
911 3630 1047 3712 Friburg.
1067 3633 1226 3713 quamque
1241 3643 1297 3690 auc

406 3724 491 3791 tan,
517 3726 552 3777 et
569 3715 764 3779 emendatam
789 3715 952 3793 opusculis
979 3717 1042 3778 suis
1063 3716 1205 3779 inseruit.
1246 3710 1297 3774 Ibi

404 3796 477 3861 den
510 3799 657 3860 invenies
690 3796 870 3861 orationem
900 3798 1114 3879 inauguralem
1144 3794 1177 3857 de
1209 3792 1297 3859 Arnoe

404 3876 599 3957 nitarestudii
616 3879 693 3942 iuris
716 3878 810 3951 ecclefi
839 3898 910 3944 cum
935 3882 982 3943 ius
1008 3879 1250 3945 ecclefiasticunr
1277 3881 1297 3942 ir

407 3964 521 4114 crepat
566 3962 646 4047 Reg.
674 3963 819 4045 collegio
845 3960 1023 4029 theresrano
1056 3964 1232 4049 explanare
1259 3981 1297 4049 eg

411 4065 467 4130 gru
494 4059 612 4118 ereurr.
751 4078 753 4081 >
974 4055 996 4075 ’·

1048 4231 1085 4339 g.
1116 4235 1261 4312 carn.
