3200 5092
635 609 902 688 prist.
1153 623 1228 716 289

222 789 447 884 ¹antistites,
473 793 577 897 (sup.
595 794 634 901 ς.
658 799 779 898 100.)
816 796 856 873 id
886 817 1014 876 tamen
1049 827 1126 881 non
1171 799 1229 879 ita

231 898 508 1003 adcipiendum
526 905 595 994 est,
623 923 670 979 vt
713 899 947 1005 rincipibus,
973 901 1041 1003 qui
1060 930 1082 982 e
1099 929 1229 980 nume-

234 1020 277 1084 ro
299 1000 550 1080 sacerdotum
574 1030 652 1082 non
675 927 782 1097 iiiut,
821 1002 921 1078 nihil
949 1028 1104 1081 omnmo
1132 1006 1242 1082 iuris.

236 1097 695 1205 eir-casiroraconuenire
710 1107 811 1211 posse
829 1104 1080 1184 existimetur.
1114 1109 1132 1208 (
1153 1109 1230 1207 sup.

239 1196 273 1358 ς’,
316 1221 449 1334 19·)Ι

240 1401 326 1471 Non
348 1413 478 1498 ignoro,
502 1435 593 1498 quam
610 1416 647 1483 sit
664 1414 728 1480 hoc
746 1428 851 1483 totum
869 1432 968 1500 genus
1000 1411 1157 1480 scribendi
1179 1408 1231 1490 de·

266 1569 269 1576 Ι
326 1495 473 1571 licitum,
505 1515 601 1585 atque
628 1501 806 1566 obnoxium
834 1500 1102 1565 cauiintionibur.
1144 1497 1230 1558 Cum

331 1577 470 1646 hostibus
488 1585 652 1671 religionis
668 1586 770 1648 auitae
790 1585 907 1649 sentite
927 1583 1063 1665 ignaris,
1083 1577 1232 1644 adulandi

329 1665 546 1750 principibus,
570 1671 670 1733 noxio
689 1669 819 1732 veritati
845 1664 1029 1731 christianae
1050 1662 1149 1726 studio
1181 1662 1234 1724 ab·

329 1749 392 1831 ripi
415 1748 581 1829 videmur,
605 1753 709 1836 quiin
729 1748 928 1815 vindicandis
948 1750 1132 1832 principum
1161 1746 1236 1810 iuri·

333 1830 396 1894 bus
415 1838 598 1900 versamur:
621 1852 722 1920 genus
739 1836 916 1899 calumniae
941 1847 1082 1896 mentem
1112 1828 1233 1893 incauti

332 1914 463 1981 lettorrs
483 1917 577 1984 facile
599 1936 772 2002 occupans,
793 1933 827 1984 et
845 1920 886 2000 ab
900 1912 1081 2000 inquirendi
1105 1913 1234 2007 solertia

328 1997 501 2066 abducens.
544 2002 609 2065 Sed
627 2004 679 2066 cui
700 2001 821 2067 aretum
840 2021 913 2067 cum
947 1997 1090 2063 veritate
1119 1997 1232 2070 initum

331 2079 375 2142 est
392 2081 522 2164 foedus,
546 2089 576 2149 ei
594 2090 718 2159 nescio,
734 2105 773 2150 an
792 2105 856 2151 non
874 2086 911 2149 srt
935 2080 1034 2147 facile
1049 2096 1158 2142 amore
1178 2097 1233 2141 ve·

330 2165 447 2244 ritatiS,
470 2182 504 2234 et
525 2174 755 2248 conscientiae,
781 2182 821 2234 vt
846 2175 877 2236 in
905 2168 1089 2232 memoriam
1117 2165 1233 2224 caium·

308 2293 311 2298 -
329 2248 448 2314 uiarum
465 2270 530 2317 non
548 2256 669 2318 veniat.
714 2258 751 2317 Id
772 2273 887 2319 moneo
902 2248 922 2329 ,’
936 2257 1017 2314 sacra
1034 2247 1116 2309 haec
1136 2263 1233 2308 nemo

329 2346 414 2396 vous
424 2335 534 2415 adeat,
557 2338 693 2420 quiinris
705 2338 812 2420 publici
820 2334 989 2424 principiis,
998 2349 1063 2396 non
1076 2328 1163 2424 iilius
1182 2329 1234 2389 inr-

325 2416 408 2501 perii
432 2421 751 2501 romano-germanici,
782 2438 824 2485 ex
841 2439 905 2503 quo
928 2436 1029 2501 nuper
1049 2411 1160 2493 lepide
1178 2429 1234 2493 po·
1272 2430 1276 2435 ’

332 2497 462 2567 fitiones
486 2519 571 2567 meas
591 2519 655 2564 non
684 2520 778 2565 nemo
806 2505 1027 2583 impugnant.
1060 2495 1112 2559 sed
1142 2497 1233 2589 eius!

327 2585 405 2665 qnod
420 2586 449 2647 in
468 2587 548 2649 rebus
562 2585 686 2671 publicis
710 2582 833 2647 omnibns
858 2583 989 2659 obtinet,
1011 2593 1046 2644 et
1072 2579 1147 2640 ideo
1174 2598 1235 2637 urn-

328 2670 434 2750 uersale
452 2668 585 2749 dicitur,
615 2671 814 2753 antiquitatis
839 2663 1066 2731 ecclesiasticae
1098 2662 1234 2757 notitia,

331 2770 501 2834 rerumque
510 2756 597 2901 s{iiim
623 2752 779 2837 gestarum
808 2753 995 2837 cognitione
1016 2744 1106 2812 teile
1135 2743 1234 2806 unbu·

331 2844 383 2899 tus
406 2854 543 2904 none.

540 3011 579 3123 i.
643 3001 883 3101 cccxxx(

297 3190 539 3297 Quotuplicis
562 3195 716 3299 generis
745 3190 898 3297 negotia
917 3188 1182 3292 ecclesiastica?

1064 1307 1081 1340 q

327 3343 408 3424 Sed'
427 3347 570 3429 iuuerit
610 3346 707 3426 hanc
743 3345 1019 3449 dispositionem
1062 3344 1103 3418 in
1135 3336 1231 3452 ‘suas

238 3468 368 3550 partes
393 3449 578 3531 tribuere.
632 3451 798 3554 Negotia
824 3445 1076 3526 ecciefiastica
1105 3462 1231 3515 omnia

239 3552 311 3629 vel
342 3548 557 3655 dogmatica
584 3553 693 3641 sunt,
727 3552 794 3628 vel
820 3545 1078 3649 disciplinario
1107 3540 1228 3644 (sup.

238 3651 278 3756 §-
310 3678 370 3755 33.
389 3659 476 3754 57.)
495 3653 621 3762 Atque
642 3654 739 3729 haec
760 3650 995 3752 porrocirca
1013 3649 1225 3751 personat,

238 3781 303 3832 rer
338 3777 378 3835 et
410 3756 495 3832 iura
524 3753 759 3854 erciniastica
787 3751 1001 3829 versantur.
1066 3747 1225 3860 Singula
1338 3775 1340 3780 ¹

242 3859 408 3961 denique
424 3886 490 3944 aur
517 3862 601 3940 sunt
622 3853 863 3959 spiritualia,
890 3876 957 3933 aut
986 3846 1233 3955 temporalia,

243 3982 314 4140 {eut
336 3985 387 4040 ex
409 3984 576 4071 utroque
610 3960 772 4037 nrixtam
819 3955 1017 4062 quamdam
1061 3972 1236 4032 naturam

258 4065 397 4143 rubent.

301 4283 651 4440 rmssrurnpmcn
668 4333 716 4414 P.
736 4332 767 4414 1.
908 4333 947 4406 r
1110 4329 1187 4400 Hoc
