3200 5092
690 527 959 609 Pausi.
1227 551 1305 646 407

322 753 557 839 mediocrem
580 745 783 828 confecisse
803 751 991 827 canonum
1014 750 1304 849 colledionem‚

320 879 364 940 et
378 862 550 937 Cauouo
568 856 625 929 M.
647 848 823 932 obtuliffe
852 853 1007 931 dicitur.
1059 859 1119 934 De
1137 881 1210 957 qua
1225 858 1305 957 qui·

322 966 409 1040 dem
424 963 498 1038 duo
518 959 624 1048 sunt,
643 979 739 1057 quae
756 982 779 1034 a
795 955 894 1032 viris
914 954 1074 1037 eruditis
1100 957 1305 1062 disceptari

320 1063 454 1145 solent.
507 1058 699 1159 Primum,
725 1058 861 1163 quain
887 1058 1122 1161 profeclione
1144 1085 1302 1142 romana

295 1197 302 1216 ¹
325 1172 492 1250 canoni
513 1168 568 1241 M.
592 1189 637 1241 ea
653 1162 754 1243 huic
775 1162 903 1244 oblata
927 1159 973 1241 sit
999 1165 1016 1264 (
1035 1164 1180 1245 constat
1198 1165 1302 1250 enim

321 1290 383 1350 ter
401 1296 490 1349 eum
505 1292 634 1347 romae
648 1263 784 1369 fuisse)
803 1262 936 1373 deiude
953 1264 1048 1350 fitne
1070 1271 1166 1350 haee
1186 1269 1234 1346 ab
1257 1272 1310 1350 il·

319 1375 362 1455 la
383 1378 588 1450 uionrsn
607 1370 834 1451 colleclione
850 1367 961 1474 (sup.
984 1368 1021 1472 ἕ.
1041 1379 1157 1472 448.)
1178 1373 1309 1453 diuet·

321 1474 383 1564 sa,
403 1500 453 1552 an
473 1476 614 1554 eadem.
644 1473 756 1553 Prius
777 1474 875 1551 illud
890 1470 981 1551 satis
997 1477 1163 1558 dubium.
1189 1479 1304 1579 Quod

276 1657 277 1662 ,
321 1580 372 1657 ad
381 1580 480 1658 hanc
494 1602 623 1658 autem
631 1574 873 1681 posteriorem
881 1576 1135 1690 quaestionem
1151 1580 1310 1667 adtinet,

323 1678 500 1780 existimo
524 1683 671 1761 nullam
699 1676 799 1783 posse
835 1679 924 1759 satis
959 1681 1135 1762 idoneam
1165 1681 1309 1762 adferri

291 1838 296 1846 .
324 1784 536 1876 rationem,
562 1788 611 1863 ob
638 1808 754 1887 quam
779 1780 1010 1873 statuamus,
1045 1785 1161 1865 aliam
1198 1784 1309 1878 fuisse

323 1885 425 1965 hanc
446 1891 492 1965 ab
511 1890 722 1992 illa,quam
739 1884 853 1986 supra
866 1886 1094 1967 ostendimus
1110 1916 1132 1966 a
1146 1893 1311 1968 uroni-

324 2012 391 2074 διο
408 1990 583 2070 Exrouo
605 2016 628 2070 e
646 2012 783 2096 graeco
803 1992 1027 2071 translatam
1042 1989 1162 2075 fuisse.

326 2276 484 2368 Quoniam
501 2287 674 2351 canotus
694 2281 745 2346 Μ.
759 2293 830 2354 ter,
857 2293 897 2349 vt
914 2283 1003 2359 dixi,
1019 2286 1052 2347 in
1070 2283 1187 2350 vrbem
1203 2281 1316 2367 profe⁴

414 2361 484 2428 dtus
502 2365 558 2439 sit,
582 2385 665 2430 anno
690 2367 813 2431 scilicet
834 2384 907 2449 774.
933 2368 1048 2433 iterum
1074 2375 1148 2450 781.
1171 2365 1312 2451 denique

283 2512 288 2518 ,
413 2460 486 2529 787·
503 2449 682 2514 dubitatum
701 2445 763 2523 est,
789 2466 852 2528 qua
870 2449 997 2524 demum
1022 2447 1312 2533 profectione'mu·

343 2597 346 2603 ,
413 2549 493 2595 uere
512 2531 768 2608 hoc'donaverit
795 2531 929 2593 Reoent
947 2531 1204 2600 Hannrnrrvsi
1229 2535 1311 2602 Sm-

359 2640 361 2644 ·
414 2633 563 2680 nonnus
579 2615 609 2679 in
617 2636 677 2681 nor.
692 2613 732 2677 ad
737 2614 851 2700 epitom.
863 2632 958 2678 canon.
968 2611 1119 2683 Hadriati
1134 2619 1235 2681 concil.
1245 2635 1313 2679 rom.

415 2694 514 2762 VIII.
530 2700 587 2763 col.
606 2714 677 2781 5⁸5.
700 2709 811 2783 putat,
828 2693 998 2784 contigisse
1019 2700 1052 2764 id
1069 2700 1314 2779 nouiffimaoro

413 2777 565 2847 fautione.
587 2784 800 2849 Basntnrvs
828 2795 940 2848 contra
967 2782 998 2845 in
1021 2786 1119 2868 praef.
1138 2779 1177 2845 ad
1198 2783 1314 2866 epitom.

413 2886 510 2929 canon
536 2868 742 2948 Hannrnur
767 2871 802 2937 ti·
819 2886 848 2946 3.
875 2887 922 2954 ap.
941 2866 1134 2933 canrsivn
1163 2865 1227 2932 leci.
1253 2881 1313 2932 aru.

414 2964 484 3013 rom.
501 2948 551 3018 ΙΙ.
566 2972 634 3035 pag.
656 2956 728 3025 264.
759 2952 915 3017 secundae
941 2947 973 3013 id
997 2949 1192 3034 proseffloni
1218 2948 1312 3017 adtri-

417 3032 499 3099 buit.
541 3035 606 3099 Sed
623 3046 736 3099 neuter
762 3035 963 3120 argumentiu'
981 3037 1054 3100 satis
1070 3034 1211 3104 idonei&
1247 3038 1315 3101 Fa·

414 3129 539 3183 teamur
557 3118 669 3203 igitur,
685 3117 748 3182 hoc
765 3118 923 3186 incertum
942 3113 1026 3194 esse,
1043 3118 1097 3185 led
1119 3137 1184 3185 non
1206 3119 1313 3184 adsen-

417 3202 564 3268 tiendum
588 3203 803 3279 Sranrouno,
837 3202 964 3289 qnando
995 3201 1076 3269 hanc
1099 3203 1311 3268 Hannrnna

416 3285 642 3352 collectionem
659 3286 811 3351 diuersam
835 3287 915 3354 facit
934 3299 957 3347 a
974 3288 1235 3362 Drourstann,
1266 3301 1310 3348 ex
1408 3333 1410 3338 .

416 3387 454 3434 ea
468 3373 592 3435 ratione
610 3372 818 3454 incudinum,
833 3370 921 3458 quod
937 3369 997 3432 iam
1015 3372 1132 3437 dudum
1143 3380 1218 3433 ante
1230 3370 1314 3430 Dro-

415 3472 522 3519 nrrsrr
552 3453 693 3521 sedtione
721 3456 778 3519 vsa
805 3454 843 3521 sit
869 3457 1033 3520 Gauurn.
1078 3452 1229 3535 Namque
1246 3448 1313 3515 hnc

416 3539 545 3620 quidem
561 3557 624 3605 uon
642 3542 715 3606 satis
732 3541 921 3621 expeditum
938 3534 994 3599 est.
1040 3539 1083 3603 Et
1100 3537 1198 3602 leves
1216 3550 1313 3616 quae·

417 3623 488 3687 dan
511 3625 701 3689 mutationes
724 3623 877 3688 diuersam
911 3618 1140 3686 collectionem
1170 3617 1253 3684 haud
1270 3615 1317 3686 fa·

418 3709 516 3777 ciunt.
530 3710 608 3778 Vid.
619 3707 883 3780 Covdwi'ssvs
896 3705 993 3793 praef·
1004 3704 1100 3774 VIII.
1114 3727 1143 3775 u.
1160 3714 1231 3774 128.

726 4283 852 4373 cca
995 4277 1035 4383 s.
1060 4276 1267 4358 corvin.
