3200 5092
640 540 830 628 Pane
880 540 910 618 1,

705 746 745 849 §.
773 749 878 829 DXI.

435 902 861 1006 inemundatum
892 893 1152 1022 cardinalium.
1214 859 1216 866 ,

407 1089 562 1169 Eminet
580 1089 622 1168 in
639 1086 700 1168 his
717 1092 1054 1168 Cons1sron1vm
1066 1088 1292 1163 canorae·
1310 1145 1313 1152 .

282 1214 453 1292 nvos,
472 1192 535 1269 seu
564 1191 828 1295 congregatio,
849 1218 963 1295 quam
988 1186 1295 1288 celebratponti·

290 1298 375 1398 jex
395 1320 475 1371 rum
494 1292 645 1395 collegio
662 1292 911 1372 cardinalium
930 1292 968 1369 in
977 1289 1207 1397 palatiofuo
1219 1312 1293 1390 per

308 1395 461 1475 modum
478 1400 635 1495 ferratur
656 1398 824 1473 maioris.
900 1393 965 1473 Est
991 1417 1118 1474 autem
1147 1393 1296 1491 duplex
1323 1458 1337 1477 „

307 1499 490 1601 aliudque
515 1496 861 1576 extraordinarium
888 1499 1085 1602 magisque
1110 1494 1291 1589 solenne,

307 1602 357 1678 ad
374 1602 472 1701 quod
493 1627 644 1703 praeter
670 1602 880 1680 cardinales
913 1601 1169 1679 admittuntur
1203 1620 1295 1699 quon¹

310 1724 384 1802 que
405 1706 563 1807 praelati
590 1730 636 1783 ac
654 1702 835 1791 ministri,
868 1723 982 1807 atque
1013 1702 1131 1802 etiam
1155 1700 1294 1801 prinoi-

307 1828 399 1905 pum
433 1827 624 1898 oratores,
656 1808 756 1906 quod
781 1806 870 1884 ideo
894 1802 1086 1907 publicum
1122 1800 1295 1879 dieitur:

306 1906 413 1983 aliud
433 1905 681 1995 ordinarium,
700 1908 859 2009 adquod
887 1908 955 1986 soli
985 1905 1197 1986 cardinales
1222 1927 1312 2006 pro*

305 2008 471 2113 negotiis
496 2012 699 2091 tractandis
730 2011 1152 2116 admittuntur,'quare
1179 2026 1219 2085 et
1233 2008 1293 2110 fi-

305 2135 446 2191 cretum
465 2114 690 2217 adpellatur.

703 2270 743 2421 §-
771 2324 894 2401 uxn.
1018 2279 1020 2283 ’

699 2454 904 2537 Secretum.

389 2636 679 2735 ,Confistorium
698 2633 982 2745 ,secretunrpro
1010 2642 1160 2722 ratione
1184 2666 1295 2748 nego·

310 2738 454 2823 tiorum
481 2767 521 2822 et
552 2748 750 2825 voluntate
777 2767 918 2850 papae,
945 2746 1141 2824 ordinarie
1168 2763 1297 2823 tamen
1379 2791 1382 2796 <
1415 2797 1417 2801 -

310 2844 421 2922 bisin
441 2847 567 2927 mense
592 2849 689 2925 feria
711 2848 874 2927 secunda
901 2849 1126 2927 celebratur.
1180 2849 1222 2924 ln
1247 2872 1297 2925 eo
1384 2869 1388 2876 ·

311 2948 501 3051 pontifex.
556 2963 593 3045 ι)
621 2956 735 3027 Creat
753 2976 875 3030 nouos
893 2953 1103 3031 cardinales
1120 2951 1188 3027 vel
1210 2975 1298 3034 cum
1343 3041 1345 3048 ,

310 3051 571 3152 publicatione
588 3055 652 3130 vel
663 3047 756 3133 'cum
777 3054 1039 3134 reseruatione
1064 3055 1103 3131 in
1120 3049 1293 3157 pedore,

312 3152 447 3257 eisque
475 3157 618 3236 claudit
643 3178 687 3232 os
703 3176 742 3235 et
767 3154 910 3235 iterum
936 3157 1071 3263 aperit.
1099 3162 1141 3258 a)
1168 3155 1298 3233 Nomi·
1372 3187 1374 3193 ·

293 3278 381 3346 ¹nat
399 3260 545 3362 legatos
563 3262 610 3335 de
642 3262 762 3339 lutere
782 3284 829 3336 ex
854 3258 1011 3340 consilio
1032 3258 1310 3340 cardinalium·v

313 3368 354 3457 3)
391 3360 592 3441 Constituit
608 3364 754 3468 legatos
769 3360 928 3444 -vrbium
956 3386 994 3443 et
1010 3362 1297 3465 prouinciarum

311 3454 393 3544 fedi
416 3462 710 3565 apostolicaein
735 3465 1008 3570 temporalibus
1032 3461 1295 3547 fontenetum
1378 3521 1383 3532 =

314 3563 363 3662 4)
389 3568 595 3668 Eliguntur
609 3564 799 3670 episcopi,
817 3567 1114 3675 archiepiscopi,
1140 3566 1298 3672 patriar-

314 3669 440 3765 chae,
476 3669 589 3748 etiam
624 3670 805 3749 titulares
839 3688 1010 3766 tantum,
1058 3668 1299 3754 fieiusmodi

309 3777 556 3875 praelaturae
584 3770 654 3854 fint
678 3772 918 3865 reseruatae3
946 3794 986 3853 et
1007 3774 1055 3873 5)
1082 3776 1177 3853 Cum
1198 3776 1295 3852 haec

316 3874 527 3957 reseruatio
557 3878 604 3955 ad
633 3895 747 3964 certa
768 3876 950 3976 quaedam
981 3874 1298 3960 monasteriaex-

315 3982 651 4066 tendatur,eadem
664 3975 729 4058 hic
748 3981 1009 4086 conceduntur
1023 3979 1091 4057 vel
1107 4002 1298 4066 commen·

318 4083 477 4175 dantur,
496 4083 658 4189 ideoque
684 4078 951 4181 confistoriaIia
969 4081 1220 4183 adpellantur.
1254 4082 1299 4179 6)
1319 4105 1332 4141 a

321 4187 446 4271 Elecli
463 4208 530 4268 aut
547 4185 746 4368 nomina}
756 4189 802 4261 ad
822 4208 1001 4290 vacantes
1011 4183 1186 4280 ecclefins
1202 4180 1298 4294 epil·

714 4372 716 4376 ,
763 4311 866 4391 es,
1186 4314 1245 4374 co·
1287 4327 1289 4330 ’
