3200 5092
540 575 543 583 ’
655 576 931 655 Pnnsl.

693 762 733 868 S.
760 767 917 844 LXXX.

749 915 881 996 idem.

377 1071 527 1174 ‘Neque
551 1071 655 1151 enim
676 1074 736 1151 de=
751 1074 936 1172 potestate
963 1070 1008 1150 vi
1034 1071 1188 1178 phyfica
1226 1078 1294 1157 ali·

323 1198 417 1279 quem
436 1175 624 1278 cogendi,
643 1197 766 1281 neque
784 1179 832 1254 de
851 1175 1009 1257 eeclesn
1020 1179 1189 1256 naturali
1210 1199 1293 1260 tan·

323 1301 390 1359 mm
411 1280 519 1358 nobis
546 1303 718 1384 vnquam
738 1279 860 1359 sermo
887 1278 1013 1384 fuit„
1034 1278 1132 1380 istud
1152 1279 1292 1358 adseri·

321 1408 407 1479 mus,
433 1381 474 1459 in
494 1382 649 1460 intimas
670 1404 819 1486 quoque
836 1382 1004 1462 astiones
1031 1383 1175 1460 nostras
1207 1385 1293 1462 Deo

318 1482 509 1590 inperium
535 1483 630 1571 eise,
657 1507 820 1584 eumque
845 1484 911 1564 sua
938 1510 1010 1588 ope
1038 1484 1094 1564 ita
1120 1480 1293 1563 adiistere

319 1584 521 1666 hominibus
537 1587 659 1691 poise,
684 1609 730 1665 vt
745 1586 787 1664 in
806 1587 1125 1692 interpretandis,
1148 1608 1187 1664 et
1206 1611 1294 1666 con·

318 1689 482 1770 testandis
527 1690 674 1808 legibus
720 1688 862 1769 diuinis
902 1710 985 1769 tum
1010 1689 1293 1779 naturalibus,

320 1812 390 1873 tum
415 1794 601 1872 reuelatrs
632 1793 822 1871 immunes
850 1817 917 1871 eos
952 1790 999 1869 ab
1026 1790 1167 1870 erroris
1196 1791 1294 1895 peri·

318 1898 395 1975 eolo
413 1894 589 1999 praestet.
644 1898 760 2000 Quod
786 1894 934 1976 fihanc
961 1892 1209 1972 adfistentiam
1237 1894 1293 1972 di·

317 1997 398 2086 uina
430 1999 580 2102 bonitas
616 1995 796 2094 ecclesiae
822 1997 912 2076 suae
943 1993 1140 2101 promisit,
1174 2017 1292 2106 atque

314 2099 505 2192 conceffit,
526 2121 609 2182 tum
625 2103 828 2182 enimuero
841 2098 1027 2180 eiusmodi
1051 2099 1218 2195 iudicio,
1236 2119 1294 2182 et·

313 2201 400 2283 fiab
418 2204 653 2304 hominibus,
680 2203 757 2283 Dei
772 2219 900 2282 tamen
923 2203 1078 2282 nomine
1102 2223 1143 2281 et
1165 2206 1291 2286 audio*-

314 2306 426 2384 r'itate
451 2310 629 2408 prolato,
661 2307 851 2412 refragari
879 2306 1043 2412 im'piirm
1077 2304 1153 2402 est,
1178 2325 1219 2386 et
1244 2307 1291 2385 ab

313 2407 415 2486 omni
430 2409 616 2518 religione
638 2410 820 2514 alienum·
920 2437 924 2448 ’
1125 2421 1129 2428 ’

314 2559 384 2630 Vld.
412 2561 559 2630 Reuerend
590 2567 628 2630 Ρ.
650 2571 747 2631 ΑΜ.
774 2563 958 2630 Senmrnr.
981 2561 1070 2648 instit.
1090 2517 1173 2640 ‚iaris
1196 2562 1292 2646 ecclefi

371 2647 559 2736 ·p.11.cap.
575 2648 604 2719 1.
623 2656 658 2725 d.
675 2670 705 2713 a·
1112 2661 1115 2666 '

321 2951 324 2958 Ι
641 2831 932 2940 ‘s.Lxxx1.
989 2875 993 2880 ·
1212 2873 1216 2888 ·

319 3011 543 3126 Extenditse
565 3018 610 3127 a)
637 3021 693 3101 ad
710 3021 963 3146 accidentalia
989 2963 1287 3103 determinanda.

333 3175 336 3184 '
385 3175 627 3256 Veneremur
645 3175 766 3286 igitur
790 3176 987 3259 ecclesiam
1009 3177 1173 3257 nostram
1204 3198 1286 3257 tan·

319 3291 412 3374 quam
424 3279 648 3386 religionis,
668 3303 708 3363 et
722 3280 837 3375 fidei,
863 3303 904 3362 et
920 3280 1094 3363 omnium
1111 3277 1286 3356 fidelium

318 3398 459 3461 mtrem
478 3404 518 3462 et
538 3383 751 3490 magistram
777 3397 1026 3489 perpetuam,
1055 3379 1108 3458 L.
1136 3381 1196 3468 162
1223 3405 1283 3475 24.

318 3479 383 3560 nd.
407 3483 453 3563 de
476 3484 554 3566 SS.
578 3483 701 3590 eccles
723 3489 837 3568 verbi
862 3491 987 3566 drurnr
1010 3503 1284 3586 interpretem,

315 3587 483 3668 ettestem
510 3592 615 3672 omni
642 3591 872 3696 exceptione
893 3591 1094 3670 maiorem.
1144 3586 1218 3665 Sed
1245 3607 1285 3666 et

311 3686 412 3802 aliam
432 3691 555 3772 adhuc
569 3695 653 3774 eius
670 3695 890 3798 potestatem
907 3691 1170 3798 agnoscamus,
1187 3713 1285 3792 quae

308 3815 342 3888 m
364 3793 413 3872 iis
436 3797 733 3879 determinandis
761 3796 992 3900 nouiterque
1015 3792 1284 3898 constituendis

293 3896 492 3996 versatur,
538 3929 611 3981 uae
631 3900 677 3979 ab
705 3900 787 4005 ipso
807 3901 891 3988 Deo
917 3899 1083 3979 nondum
1104 3893 1285 3982 determi-

302 4021 383 4079 nata
402 4003 489 4085 sunt
502 3928 601 4106 (inp.
619 4002 659 4107 S.
676 4005 766 4108 49.)
781 4004 912 4083 Multa
925 4002 1029 4079 enim
1054 4001 1159 4090 sunt,
1184 4005 1281 4097 quae

295 4125 358 4206 pro
388 4127 633 4214 temporum,
667 4108 875 4206 locorum,
908 4101 1179 4218 personarum,
1206 4097 1280 4176 eir-

294 4213 694 4308 cumstantiarumdeni
721 4234 770 4302 ue
785 4209 957 4320 omnium
966 4221 1157 4284 var1etate
1163 4258 1178 4302 ,
1203 4227 1280 4283 mo·

291 4233 797 4426 Instinlurisprseedidt
855 4315 858 4322 ’
958 4307 999 4388 Ε
1178 4307 1229 4410 ,do
