<?xml version="1.0" encoding="UTF-8"?>
<!DOCTYPE html PUBLIC "-//W3C//DTD XHTML 1.0 Transitional//EN"
    "http://www.w3.org/TR/xhtml1/DTD/xhtml1-transitional.dtd">
<html xmlns="http://www.w3.org/1999/xhtml" xml:lang="en" lang="en">
 <head>
  <title>
</title>
<meta http-equiv="Content-Type" content="text/html;charset=utf-8" />
  <meta name='ocr-system' content='tesseract 3.04.00' />
  <meta name='ocr-capabilities' content='ocr_page ocr_carea ocr_par ocr_line ocrx_word'/>
</head>
<body>
  <div class='ocr_page' id='page_1' title='image "./institutionumiu00canogoog_0294.png"; bbox 0 0 3200 5092; ppageno 0'>
   <div class='ocr_carea' id='block_1_1' title="bbox 522 675 1321 1151">
    <p class='ocr_par' dir='ltr' id='par_1_1' title="bbox 522 675 1321 1151">
     <span class='ocr_line' id='line_1_1' title="bbox 615 675 1321 791; baseline 0.011 -37"><span class='ocrx_word' id='word_1_1' title='bbox 615 675 976 758; x_wconf 63' lang='lat' dir='ltr'><strong>“Penel-</strong></span> <span class='ocrx_word' id='word_1_2' title='bbox 1033 739 1097 760; x_wconf 79' lang='lat'><strong>.·</strong></span> <span class='ocrx_word' id='word_1_3' title='bbox 1247 709 1321 791; x_wconf 78' lang='lat'><strong>335</strong></span> 
     </span>
     <span class='ocr_line' id='line_1_2' title="bbox 700 863 933 944; baseline 0.013 -3"><span class='ocrx_word' id='word_1_4' title='bbox 700 863 933 944; x_wconf 87' lang='lat' dir='ltr'><strong>CCCLXlX.</strong></span> 
     </span>
     <span class='ocr_line' id='line_1_3' title="bbox 522 1008 1119 1151; baseline 0.002 -30"><span class='ocrx_word' id='word_1_5' title='bbox 522 1040 569 1121; x_wconf 87' lang='lat' dir='ltr'><strong>In</strong></span> <span class='ocrx_word' id='word_1_6' title='bbox 600 1011 851 1148; x_wconf 63' lang='lat' dir='ltr'><strong>decretalibus</strong></span> <span class='ocrx_word' id='word_1_7' title='bbox 876 1008 1119 1151; x_wconf 79' lang='lat' dir='ltr'><strong>exponendis.</strong></span> 
     </span>
    </p>
   </div>
   <div class='ocr_carea' id='block_1_2' title="bbox 343 1167 1319 1409">
    <p class='ocr_par' dir='ltr' id='par_1_2' title="bbox 343 1167 1319 1409">
     <span class='ocr_line' id='line_1_4' title="bbox 343 1167 1319 1409; baseline 0.011 -110"><span class='ocrx_word' id='word_1_8' title='bbox 343 1167 346 1171; x_wconf 82' lang='lat'><em>-</em></span> <span class='ocrx_word' id='word_1_9' title='bbox 411 1192 924 1304; x_wconf 40' lang='lat' dir='ltr'><strong>Decretalium‘Gnnoonn</strong></span> <span class='ocrx_word' id='word_1_10' title='bbox 939 1228 1008 1307; x_wconf 84' lang='lat' dir='ltr'><strong>lx.</strong></span> <span class='ocrx_word' id='word_1_11' title='bbox 1026 1224 1216 1321; x_wconf 70' lang='lat' dir='ltr'><strong>collectio,</strong></span> <span class='ocrx_word' id='word_1_12' title='bbox 1241 1199 1319 1409; x_wconf 79' lang='lat' dir='ltr'><strong>qua</strong></span> 
     </span>
    </p>
   </div>
   <div class='ocr_carea' id='block_1_3' title="bbox 312 1321 1320 1436">
    <p class='ocr_par' dir='ltr' id='par_1_3' title="bbox 312 1321 1320 1436">
     <span class='ocr_line' id='line_1_5' title="bbox 312 1321 1320 1436; baseline 0.009 -32"><span class='ocrx_word' id='word_1_13' title='bbox 312 1321 358 1405; x_wconf 86' lang='lat' dir='ltr'><strong>in</strong></span> <span class='ocrx_word' id='word_1_14' title='bbox 369 1326 583 1409; x_wconf 83' lang='lat' dir='ltr'><strong>academiis</strong></span> <span class='ocrx_word' id='word_1_15' title='bbox 598 1326 760 1421; x_wconf 91' lang='lat' dir='ltr'><strong>vtimur,</strong></span> <span class='ocrx_word' id='word_1_16' title='bbox 770 1328 946 1433; x_wconf 81' lang='lat' dir='ltr'><strong>epistolas</strong></span> <span class='ocrx_word' id='word_1_17' title='bbox 961 1330 1151 1419; x_wconf 87' lang='lat' dir='ltr'><strong>continet,</strong></span> <span class='ocrx_word' id='word_1_18' title='bbox 1180 1329 1248 1436; x_wconf 91' lang='lat' dir='ltr'><strong>qui</strong></span> <span class='ocrx_word' id='word_1_19' title='bbox 1274 1327 1320 1413; x_wconf 85' lang='lat' dir='ltr'><strong>u&#39;s</strong></span> 
     </span>
    </p>
   </div>
   <div class='ocr_carea' id='block_1_4' title="bbox 262 1424 1319 2363">
    <p class='ocr_par' dir='ltr' id='par_1_4' title="bbox 262 1424 1319 1612">
     <span class='ocr_line' id='line_1_6' title="bbox 262 1424 1319 1612; baseline -0.001 -97"><span class='ocrx_word' id='word_1_20' title='bbox 262 1435 266 1441; x_wconf 83' lang='grc'><strong>’</strong></span> <span class='ocrx_word' id='word_1_21' title='bbox 370 1427 592 1518; x_wconf 75' lang='lat' dir='ltr'><strong>ntifices&#39;ad</strong></span> <span class='ocrx_word' id='word_1_22' title='bbox 609 1424 717 1511; x_wconf 79' lang='lat' dir='ltr'><strong>casus</strong></span> <span class='ocrx_word' id='word_1_23' title='bbox 731 1428 937 1612; x_wconf 68' lang='lat' dir='ltr'><strong>lqeciales‚</strong></span> <span class='ocrx_word' id='word_1_24' title='bbox 976 1432 1183 1536; x_wconf 84' lang='lat' dir='ltr'><strong>dubiasque</strong></span> <span class='ocrx_word' id='word_1_25' title='bbox 1208 1456 1319 1536; x_wconf 83' lang='lat' dir='ltr'><strong>quae·</strong></span> 
     </span>
    </p>

    <p class='ocr_par' dir='ltr' id='par_1_5' title="bbox 298 1531 1319 2363">
     <span class='ocr_line' id='line_1_7' title="bbox 329 1531 1319 1639; baseline 0.007 -27"><span class='ocrx_word' id='word_1_26' title='bbox 329 1531 462 1636; x_wconf 54' lang='lat' dir='ltr'><strong>sones</strong></span> <span class='ocrx_word' id='word_1_27' title='bbox 497 1532 659 1613; x_wconf 85' lang='lat' dir='ltr'><strong>consulti</strong></span> <span class='ocrx_word' id='word_1_28' title='bbox 699 1536 987 1639; x_wconf 80' lang='lat' dir='ltr'><strong>reponderunt</strong></span> <span class='ocrx_word' id='word_1_29' title='bbox 1066 1536 1168 1635; x_wconf 88' lang='lat' dir='ltr'><strong>Illud</strong></span> <span class='ocrx_word' id='word_1_30' title='bbox 1187 1558 1319 1619; x_wconf 72' lang='lat' dir='ltr'><strong>,extra</strong></span> 
     </span>
     <span class='ocr_line' id='line_1_8' title="bbox 308 1633 1319 1747; baseline -0.001 -24"><span class='ocrx_word' id='word_1_31' title='bbox 308 1655 437 1733; x_wconf 67' lang='lat' dir='ltr'><strong>omne·</strong></span> <span class='ocrx_word' id='word_1_32' title='bbox 454 1636 610 1747; x_wconf 81' lang='lat' dir='ltr'><strong>dubium</strong></span> <span class='ocrx_word' id='word_1_33' title='bbox 627 1633 789 1743; x_wconf 88' lang='lat' dir='ltr'><strong>pofitum</strong></span> <span class='ocrx_word' id='word_1_34' title='bbox 807 1634 881 1732; x_wconf 86' lang='lat' dir='ltr'><strong>est,</strong></span> <span class='ocrx_word' id='word_1_35' title='bbox 907 1638 1025 1719; x_wconf 73' lang='lat' dir='ltr'><strong>unam</strong></span> <span class='ocrx_word' id='word_1_36' title='bbox 1045 1637 1185 1719; x_wconf 84' lang='lat' dir='ltr'><strong>harum</strong></span> <span class='ocrx_word' id='word_1_37' title='bbox 1201 1641 1319 1721; x_wconf 89' lang='lat' dir='ltr'><strong>inter·</strong></span> 
     </span>
     <span class='ocr_line' id='line_1_9' title="bbox 306 1737 1318 1837; baseline 0.009 -21"><span class='ocrx_word' id='word_1_38' title='bbox 306 1743 599 1835; x_wconf 77' lang='lat' dir='ltr'><strong>precandarum</strong></span> <span class='ocrx_word' id='word_1_39' title='bbox 633 1740 741 1819; x_wconf 86' lang='lat' dir='ltr'><strong>viam</strong></span> <span class='ocrx_word' id='word_1_40' title='bbox 771 1737 869 1837; x_wconf 73' lang='lat' dir='ltr'><strong>etse,</strong></span> <span class='ocrx_word' id='word_1_41' title='bbox 912 1744 1134 1824; x_wconf 81' lang='lat' dir='ltr'><strong>adcuratam</strong></span> <span class='ocrx_word' id='word_1_42' title='bbox 1164 1764 1318 1825; x_wconf 87' lang='lat' dir='ltr'><strong>contro·</strong></span> 
     </span>
     <span class='ocr_line' id='line_1_10' title="bbox 305 1841 1318 1934; baseline 0.015 -20"><span class='ocrx_word' id='word_1_43' title='bbox 305 1843 490 1932; x_wconf 76' lang='lat' dir='ltr'><strong>uertite,</strong></span> <span class='ocrx_word' id='word_1_44' title='bbox 516 1862 557 1922; x_wconf 87' lang='lat' dir='ltr'><strong>et</strong></span> <span class='ocrx_word' id='word_1_45' title='bbox 575 1841 945 1924; x_wconf 84' lang='lat' dir='ltr'><strong>circumstantiarum</strong></span> <span class='ocrx_word' id='word_1_46' title='bbox 971 1866 1106 1934; x_wconf 86' lang='lat' dir='ltr'><strong>tenere</strong></span> <span class='ocrx_word' id='word_1_47' title='bbox 1127 1846 1318 1931; x_wconf 84' lang='lat' dir='ltr'><strong>notitiam.</strong></span> 
     </span>
     <span class='ocr_line' id='line_1_11' title="bbox 304 1942 1318 2057; baseline 0.01 -35"><span class='ocrx_word' id='word_1_48' title='bbox 304 1942 436 2045; x_wconf 80' lang='lat' dir='ltr'><strong>Quae</strong></span> <span class='ocrx_word' id='word_1_49' title='bbox 464 1972 581 2051; x_wconf 85' lang='lat' dir='ltr'><strong>quum</strong></span> <span class='ocrx_word' id='word_1_50' title='bbox 608 1943 845 2051; x_wconf 78' lang='lat' dir='ltr'><strong>saepissime,</strong></span> <span class='ocrx_word' id='word_1_51' title='bbox 884 1974 1012 2057; x_wconf 88' lang='lat' dir='ltr'><strong>neque</strong></span> <span class='ocrx_word' id='word_1_52' title='bbox 1034 1974 1086 2028; x_wconf 83' lang='lat' dir='ltr'><strong>ex</strong></span> <span class='ocrx_word' id='word_1_53' title='bbox 1112 1951 1318 2043; x_wconf 82' lang='lat' dir='ltr'><strong>decretali,</strong></span> 
     </span>
     <span class='ocr_line' id='line_1_12' title="bbox 300 2048 1317 2235; baseline 0.012 -114"><span class='ocrx_word' id='word_1_54' title='bbox 300 2065 449 2152; x_wconf 83' lang='lat' dir='ltr'><strong>neque</strong></span> <span class='ocrx_word' id='word_1_55' title='bbox 476 2075 527 2130; x_wconf 87' lang='lat' dir='ltr'><strong>ex</strong></span> <span class='ocrx_word' id='word_1_56' title='bbox 564 2050 714 2235; x_wconf 60' lang='lat' dir='ltr'><strong>inteqra</strong></span> <span class='ocrx_word' id='word_1_57' title='bbox 741 2048 933 2157; x_wconf 86' lang='lat' dir='ltr'><strong>pontificis</strong></span> <span class='ocrx_word' id='word_1_58' title='bbox 971 2051 1130 2155; x_wconf 89' lang='lat' dir='ltr'><strong>epistola</strong></span> <span class='ocrx_word' id='word_1_59' title='bbox 1164 2052 1317 2141; x_wconf 84' lang='lat' dir='ltr'><strong>hauriri</strong></span> 
     </span>
     <span class='ocr_line' id='line_1_13' title="bbox 298 2151 1318 2263; baseline 0.012 -36"><span class='ocrx_word' id='word_1_60' title='bbox 298 2151 432 2247; x_wconf 83' lang='lat' dir='ltr'><strong>poffit</strong></span> <span class='ocrx_word' id='word_1_61' title='bbox 445 2213 462 2242; x_wconf 84' lang='lat'><strong>.‚</strong></span> <span class='ocrx_word' id='word_1_62' title='bbox 509 2176 562 2232; x_wconf 82' lang='lat' dir='ltr'><strong>ex</strong></span> <span class='ocrx_word' id='word_1_63' title='bbox 605 2153 649 2231; x_wconf 92' lang='lat' dir='ltr'><strong>hi</strong></span> <span class='ocrx_word' id='word_1_64' title='bbox 681 2153 765 2234; x_wconf 87' lang='lat' dir='ltr'><strong>oria</strong></span> <span class='ocrx_word' id='word_1_65' title='bbox 819 2177 909 2240; x_wconf 69' lang='lat' dir='ltr'><strong>⁴earn</strong></span> <span class='ocrx_word' id='word_1_66' title='bbox 954 2155 1202 2263; x_wconf 83' lang='lat' dir='ltr'><strong>repetendam</strong></span> <span class='ocrx_word' id='word_1_67' title='bbox 1241 2155 1318 2239; x_wconf 82' lang='lat' dir='ltr'><strong>effe</strong></span> 
     </span>
     <span class='ocr_line' id='line_1_14' title="bbox 298 2255 984 2363; baseline 0.019 -35"><span class='ocrx_word' id='word_1_68' title='bbox 298 2268 436 2339; x_wconf 79' lang='lat' dir='ltr'><strong>nemo</strong></span> <span class='ocrx_word' id='word_1_69' title='bbox 456 2261 529 2350; x_wconf 88' lang='lat' dir='ltr'><strong>est,</strong></span> <span class='ocrx_word' id='word_1_70' title='bbox 555 2256 622 2361; x_wconf 89' lang='lat' dir='ltr'><strong>qui</strong></span> <span class='ocrx_word' id='word_1_71' title='bbox 632 2277 716 2335; x_wconf 47' lang='lat' dir='ltr'><strong>¹uon</strong></span> <span class='ocrx_word' id='word_1_72' title='bbox 729 2255 947 2363; x_wconf 72' lang='lat' dir='ltr'><strong>perspiciat</strong></span> <span class='ocrx_word' id='word_1_73' title='bbox 980 2275 984 2287; x_wconf 84' lang='grc'>’</span> 
     </span>
    </p>
   </div>
   <div class='ocr_carea' id='block_1_5' title="bbox 280 2451 1333 4449">
    <p class='ocr_par' dir='ltr' id='par_1_6' title="bbox 309 2451 1317 2800">
     <span class='ocr_line' id='line_1_15' title="bbox 309 2451 1317 2548; baseline 0.001 -22"><span class='ocrx_word' id='word_1_74' title='bbox 309 2451 416 2538; x_wconf 80' lang='lat' dir='ltr'><strong>Quae</strong></span> <span class='ocrx_word' id='word_1_75' title='bbox 434 2482 532 2548; x_wconf 86' lang='lat' dir='ltr'><strong>quum</strong></span> <span class='ocrx_word' id='word_1_76' title='bbox 551 2460 597 2527; x_wconf 83' lang='lat' dir='ltr'><strong>ita&#39;</strong></span> <span class='ocrx_word' id='word_1_77' title='bbox 610 2459 686 2538; x_wconf 84' lang='lat' dir='ltr'><strong>fint,</strong></span> <span class='ocrx_word' id='word_1_78' title='bbox 710 2456 787 2545; x_wconf 89' lang='lat' dir='ltr'><strong>quid</strong></span> <span class='ocrx_word' id='word_1_79' title='bbox 807 2464 938 2543; x_wconf 84' lang='lat' dir='ltr'><strong>mirum,</strong></span> <span class='ocrx_word' id='word_1_80' title='bbox 962 2463 1017 2546; x_wconf 88' lang='lat' dir='ltr'><strong>qui</strong></span> <span class='ocrx_word' id='word_1_81' title='bbox 1035 2459 1135 2530; x_wconf 87' lang='lat' dir='ltr'><strong>hodie</strong></span> <span class='ocrx_word' id='word_1_82' title='bbox 1153 2465 1212 2529; x_wconf 91' lang='lat' dir='ltr'><strong>iuri</strong></span> <span class='ocrx_word' id='word_1_83' title='bbox 1223 2451 1317 2528; x_wconf 83' lang='lat' dir='ltr'><strong>cano·</strong></span> 
     </span>
     <span class='ocr_line' id='line_1_16' title="bbox 363 2535 1314 2631; baseline 0.004 -20"><span class='ocrx_word' id='word_1_84' title='bbox 363 2587 365 2592; x_wconf 82' lang='lat'><em>.</em></span> <span class='ocrx_word' id='word_1_85' title='bbox 404 2548 482 2612; x_wconf 90' lang='lat' dir='ltr'><strong>nico</strong></span> <span class='ocrx_word' id='word_1_86' title='bbox 500 2548 577 2611; x_wconf 87' lang='lat' dir='ltr'><strong>dant</strong></span> <span class='ocrx_word' id='word_1_87' title='bbox 592 2535 745 2630; x_wconf 61' lang='lat' dir='ltr'><strong>oderam,</strong></span> <span class='ocrx_word' id='word_1_88' title='bbox 763 2559 820 2606; x_wconf 85' lang='lat' dir='ltr'><strong>eos</strong></span> <span class='ocrx_word' id='word_1_89' title='bbox 835 2558 1007 2631; x_wconf 81' lang='lat' dir='ltr'><strong>tantopere</strong></span> <span class='ocrx_word' id='word_1_90' title='bbox 1022 2548 1054 2611; x_wconf 93' lang='lat' dir='ltr'><strong>in</strong></span> <span class='ocrx_word' id='word_1_91' title='bbox 1073 2545 1198 2626; x_wconf 83' lang='lat' dir='ltr'><strong>historia</strong></span> <span class='ocrx_word' id='word_1_92' title='bbox 1209 2553 1314 2615; x_wconf 88' lang='lat' dir='ltr'><strong>eccle·</strong></span> 
     </span>
     <span class='ocr_line' id='line_1_17' title="bbox 404 2626 1314 2718; baseline -0.001 -21"><span class='ocrx_word' id='word_1_93' title='bbox 404 2629 521 2697; x_wconf 83' lang='lat' dir='ltr'><strong>fiastica</strong></span> <span class='ocrx_word' id='word_1_94' title='bbox 532 2628 661 2718; x_wconf 82' lang='lat' dir='ltr'><strong>penitus</strong></span> <span class='ocrx_word' id='word_1_95' title='bbox 671 2626 864 2691; x_wconf 85' lang='lat' dir='ltr'><strong>excutienda</strong></span> <span class='ocrx_word' id='word_1_96' title='bbox 875 2628 1045 2707; x_wconf 85' lang='lat' dir='ltr'><strong>desudare,</strong></span> <span class='ocrx_word' id='word_1_97' title='bbox 1068 2633 1314 2697; x_wconf 67' lang='lat' dir='ltr'><strong>Faunano·</strong></span> 
     </span>
     <span class='ocr_line' id='line_1_18' title="bbox 404 2710 1315 2800; baseline 0.002 -23"><span class='ocrx_word' id='word_1_98' title='bbox 404 2732 519 2800; x_wconf 76' lang='lat' dir='ltr'><strong>nnus,</strong></span> <span class='ocrx_word' id='word_1_99' title='bbox 540 2715 617 2779; x_wconf 86' lang='lat' dir='ltr'><strong>iuris</strong></span> <span class='ocrx_word' id='word_1_100' title='bbox 636 2712 752 2794; x_wconf 88' lang='lat' dir='ltr'><strong>vtique</strong></span> <span class='ocrx_word' id='word_1_101' title='bbox 761 2710 960 2774; x_wconf 78' lang='lat' dir='ltr'><strong>ecclesiastici</strong></span> <span class='ocrx_word' id='word_1_102' title='bbox 978 2714 1181 2797; x_wconf 84' lang='lat' dir='ltr'><strong>peritiffirnus</strong></span> <span class='ocrx_word' id='word_1_103' title='bbox 1200 2718 1315 2800; x_wconf 86' lang='lat' dir='ltr'><strong>copio-</strong></span> 
     </span>
    </p>

    <p class='ocr_par' dir='ltr' id='par_1_7' title="bbox 403 2792 1315 2965">
     <span class='ocr_line' id='line_1_19' title="bbox 404 2792 1314 2884; baseline -0.004 -19"><span class='ocrx_word' id='word_1_104' title='bbox 404 2800 438 2865; x_wconf 83' lang='lat' dir='ltr'><strong>se</strong></span> <span class='ocrx_word' id='word_1_105' title='bbox 456 2801 668 2863; x_wconf 83' lang='lat' dir='ltr'><strong>ueceffitatem</strong></span> <span class='ocrx_word' id='word_1_106' title='bbox 683 2792 830 2859; x_wconf 81' lang='lat' dir='ltr'><strong>historiae</strong></span> <span class='ocrx_word' id='word_1_107' title='bbox 848 2794 1051 2860; x_wconf 82' lang='lat' dir='ltr'><strong>ecclefiarum</strong></span> <span class='ocrx_word' id='word_1_108' title='bbox 1068 2801 1244 2884; x_wconf 74' lang='lat' dir='ltr'>praecipue</span> <span class='ocrx_word' id='word_1_109' title='bbox 1260 2815 1314 2861; x_wconf 90' lang='lat' dir='ltr'><strong>oc·</strong></span> 
     </span>
     <span class='ocr_line' id='line_1_20' title="bbox 403 2879 1315 2965; baseline 0.001 -19"><span class='ocrx_word' id='word_1_110' title='bbox 403 2882 608 2951; x_wconf 88' lang='lat' dir='ltr'><strong>cidentaiium</strong></span> <span class='ocrx_word' id='word_1_111' title='bbox 624 2879 665 2945; x_wconf 89' lang='lat' dir='ltr'><strong>ad</strong></span> <span class='ocrx_word' id='word_1_112' title='bbox 682 2880 927 2965; x_wconf 82' lang='lat' dir='ltr'><strong>intelligentiam</strong></span> <span class='ocrx_word' id='word_1_113' title='bbox 948 2879 1158 2947; x_wconf 85' lang='lat' dir='ltr'><strong>decretalium</strong></span> <span class='ocrx_word' id='word_1_114' title='bbox 1178 2882 1315 2961; x_wconf 80' lang='lat' dir='ltr'><strong>ostendit</strong></span> 
     </span>
    </p>

    <p class='ocr_par' dir='ltr' id='par_1_8' title="bbox 403 2961 1314 3138">
     <span class='ocr_line' id='line_1_21' title="bbox 403 2961 1314 3050; baseline -0.002 -19"><span class='ocrx_word' id='word_1_115' title='bbox 403 2968 434 3031; x_wconf 88' lang='lat' dir='ltr'><strong>in</strong></span> <span class='ocrx_word' id='word_1_116' title='bbox 452 2990 489 3033; x_wconf 84' lang='lat' dir='ltr'><strong>ea</strong></span> <span class='ocrx_word' id='word_1_117' title='bbox 511 2970 672 3037; x_wconf 81' lang='lat' dir='ltr'><strong>oratione,</strong></span> <span class='ocrx_word' id='word_1_118' title='bbox 695 2983 788 3050; x_wconf 80' lang='lat' dir='ltr'><strong>quam</strong></span> <span class='ocrx_word' id='word_1_119' title='bbox 806 2962 840 3027; x_wconf 82' lang='lat' dir='ltr'><strong>de</strong></span> <span class='ocrx_word' id='word_1_120' title='bbox 862 2964 938 3027; x_wconf 80' lang='lat' dir='ltr'><strong>rer&#39;la</strong></span> <span class='ocrx_word' id='word_1_121' title='bbox 958 2961 1081 3041; x_wconf 80' lang='lat' dir='ltr'><strong>discendi</strong></span> <span class='ocrx_word' id='word_1_122' title='bbox 1104 2965 1179 3028; x_wconf 80' lang='lat' dir='ltr'><strong>iuris</strong></span> <span class='ocrx_word' id='word_1_123' title='bbox 1203 2964 1314 3029; x_wconf 77' lang='lat' dir='ltr'><strong>&#39;ratione</strong></span> 
     </span>
     <span class='ocr_line' id='line_1_22' title="bbox 403 3048 1314 3138; baseline -0.002 -21"><span class='ocrx_word' id='word_1_124' title='bbox 403 3051 545 3138; x_wconf 76' lang='lat' dir='ltr'><strong>scripsit,</strong></span> <span class='ocrx_word' id='word_1_125' title='bbox 566 3067 700 3134; x_wconf 82' lang='lat' dir='ltr'><strong>eamque</strong></span> <span class='ocrx_word' id='word_1_126' title='bbox 719 3066 783 3113; x_wconf 92' lang='lat' dir='ltr'><strong>non</strong></span> <span class='ocrx_word' id='word_1_127' title='bbox 798 3067 847 3137; x_wconf 85' lang='lat' dir='ltr'><strong>ex</strong></span> <span class='ocrx_word' id='word_1_128' title='bbox 865 3048 1026 3133; x_wconf 82' lang='lat' dir='ltr'><strong>vulgatis,</strong></span> <span class='ocrx_word' id='word_1_129' title='bbox 1048 3050 1103 3116; x_wconf 82' lang='lat' dir='ltr'><strong>sed</strong></span> <span class='ocrx_word' id='word_1_130' title='bbox 1126 3070 1170 3115; x_wconf 88' lang='lat' dir='ltr'><strong>ex</strong></span> <span class='ocrx_word' id='word_1_131' title='bbox 1188 3066 1314 3117; x_wconf 85' lang='lat' dir='ltr'><strong>coaeta-</strong></span> 
     </span>
    </p>

    <p class='ocr_par' dir='ltr' id='par_1_9' title="bbox 399 3129 1314 3387">
     <span class='ocr_line' id='line_1_23' title="bbox 403 3129 1314 3219; baseline 0 -19"><span class='ocrx_word' id='word_1_132' title='bbox 403 3141 472 3202; x_wconf 88' lang='lat' dir='ltr'><strong>neis</strong></span> <span class='ocrx_word' id='word_1_133' title='bbox 499 3136 708 3219; x_wconf 85' lang='lat' dir='ltr'><strong>repetendam</strong></span> <span class='ocrx_word' id='word_1_134' title='bbox 727 3129 789 3198; x_wconf 82' lang='lat' dir='ltr'><strong>eise</strong></span> <span class='ocrx_word' id='word_1_135' title='bbox 815 3133 1029 3199; x_wconf 86' lang='lat' dir='ltr'><strong>monumentis</strong></span> <span class='ocrx_word' id='word_1_136' title='bbox 1054 3132 1258 3201; x_wconf 83' lang='lat' dir='ltr'><strong>ostenderunt</strong></span> <span class='ocrx_word' id='word_1_137' title='bbox 1279 3133 1314 3200; x_wconf 88' lang='lat' dir='ltr'><strong>id</strong></span> 
     </span>
     <span class='ocr_line' id='line_1_24' title="bbox 403 3217 1313 3297; baseline -0.004 -10"><span class='ocrx_word' id='word_1_138' title='bbox 403 3221 599 3287; x_wconf 81' lang='lat' dir='ltr'><strong>luculentius</strong></span> <span class='ocrx_word' id='word_1_139' title='bbox 611 3230 646 3283; x_wconf 90' lang='lat' dir='ltr'><strong>et</strong></span> <span class='ocrx_word' id='word_1_140' title='bbox 662 3219 748 3297; x_wconf 79' lang='lat' dir='ltr'><strong>ipse,</strong></span> <span class='ocrx_word' id='word_1_141' title='bbox 772 3228 806 3282; x_wconf 92' lang='lat' dir='ltr'><strong>et</strong></span> <span class='ocrx_word' id='word_1_142' title='bbox 822 3217 1116 3297; x_wconf 72' lang='lat' dir='ltr'><strong>InnvsaCosrn,</strong></span> <span class='ocrx_word' id='word_1_143' title='bbox 1136 3222 1198 3284; x_wconf 87' lang='lat' dir='ltr'><strong>suis</strong></span> <span class='ocrx_word' id='word_1_144' title='bbox 1210 3221 1242 3283; x_wconf 92' lang='lat' dir='ltr'><strong>in</strong></span> <span class='ocrx_word' id='word_1_145' title='bbox 1259 3218 1313 3283; x_wconf 90' lang='lat' dir='ltr'><strong>de·</strong></span> 
     </span>
     <span class='ocr_line' id='line_1_25' title="bbox 399 3302 1314 3387; baseline -0.002 -17"><span class='ocrx_word' id='word_1_146' title='bbox 399 3307 539 3370; x_wconf 87' lang='lat' dir='ltr'><strong>cretales</strong></span> <span class='ocrx_word' id='word_1_147' title='bbox 565 3302 820 3377; x_wconf 85' lang='lat' dir='ltr'><strong>commentariis,</strong></span> <span class='ocrx_word' id='word_1_148' title='bbox 850 3320 931 3387; x_wconf 84' lang='lat' dir='ltr'><strong>quos</strong></span> <span class='ocrx_word' id='word_1_149' title='bbox 959 3304 1083 3368; x_wconf 84' lang='lat' dir='ltr'><strong>vtinam</strong></span> <span class='ocrx_word' id='word_1_150' title='bbox 1102 3302 1314 3386; x_wconf 59' lang='lat' dir='ltr'><strong>&#39;perfecissent</strong></span> 
     </span>
    </p>

    <p class='ocr_par' dir='ltr' id='par_1_10' title="bbox 354 3385 1314 3557">
     <span class='ocr_line' id='line_1_26' title="bbox 354 3385 1314 3478; baseline -0.002 -24"><span class='ocrx_word' id='word_1_151' title='bbox 354 3451 359 3478; x_wconf 32' lang='lat' dir='ltr'><strong><em>k</em></strong></span> <span class='ocrx_word' id='word_1_152' title='bbox 403 3385 568 3475; x_wconf 81' lang='lat' dir='ltr'><strong>integros!</strong></span> <span class='ocrx_word' id='word_1_153' title='bbox 598 3390 711 3470; x_wconf 82' lang='lat' dir='ltr'><strong>Atque</strong></span> <span class='ocrx_word' id='word_1_154' title='bbox 735 3385 799 3452; x_wconf 91' lang='lat' dir='ltr'><strong>hoc</strong></span> <span class='ocrx_word' id='word_1_155' title='bbox 817 3405 880 3451; x_wconf 91' lang='lat' dir='ltr'><strong>non</strong></span> <span class='ocrx_word' id='word_1_156' title='bbox 904 3386 937 3470; x_wconf 83' lang='lat' dir='ltr'><strong>in</strong></span> <span class='ocrx_word' id='word_1_157' title='bbox 959 3391 1140 3453; x_wconf 86' lang='lat' dir='ltr'><strong>recentiore</strong></span> <span class='ocrx_word' id='word_1_158' title='bbox 1161 3388 1227 3452; x_wconf 89' lang='lat' dir='ltr'><strong>hoc</strong></span> <span class='ocrx_word' id='word_1_159' title='bbox 1246 3400 1314 3452; x_wconf 90' lang='lat' dir='ltr'><strong>tan·</strong></span> 
     </span>
     <span class='ocr_line' id='line_1_27' title="bbox 403 3470 1313 3557; baseline -0.003 -20"><span class='ocrx_word' id='word_1_160' title='bbox 403 3484 495 3550; x_wconf 86' lang='lat' dir='ltr'><strong>tum,</strong></span> <span class='ocrx_word' id='word_1_161' title='bbox 518 3470 572 3537; x_wconf 88' lang='lat' dir='ltr'><strong>sed</strong></span> <span class='ocrx_word' id='word_1_162' title='bbox 591 3483 625 3535; x_wconf 88' lang='lat' dir='ltr'><strong>et</strong></span> <span class='ocrx_word' id='word_1_163' title='bbox 640 3471 743 3535; x_wconf 90' lang='lat' dir='ltr'><strong>multo</strong></span> <span class='ocrx_word' id='word_1_164' title='bbox 760 3474 857 3557; x_wconf 86' lang='lat' dir='ltr'><strong>magis</strong></span> <span class='ocrx_word' id='word_1_165' title='bbox 882 3473 914 3533; x_wconf 92' lang='lat' dir='ltr'><strong>in</strong></span> <span class='ocrx_word' id='word_1_166' title='bbox 934 3474 1064 3555; x_wconf 75' lang='lat' dir='ltr'><strong>antiquo</strong></span> <span class='ocrx_word' id='word_1_167' title='bbox 1082 3474 1152 3535; x_wconf 90' lang='lat' dir='ltr'><strong>iure</strong></span> <span class='ocrx_word' id='word_1_168' title='bbox 1168 3489 1313 3536; x_wconf 88' lang='lat' dir='ltr'><strong>cum-no·</strong></span> 
     </span>
    </p>

    <p class='ocr_par' dir='ltr' id='par_1_11' title="bbox 402 3548 1309 3637">
     <span class='ocr_line' id='line_1_28' title="bbox 402 3548 1309 3637; baseline -0.001 -16"><span class='ocrx_word' id='word_1_169' title='bbox 402 3576 445 3621; x_wconf 92' lang='lat' dir='ltr'><strong>uo</strong></span> <span class='ocrx_word' id='word_1_170' title='bbox 462 3554 525 3620; x_wconf 89' lang='lat' dir='ltr'><strong>hoc</strong></span> <span class='ocrx_word' id='word_1_171' title='bbox 544 3552 768 3637; x_wconf 84' lang='lat' dir='ltr'><strong>coniungendo</strong></span> <span class='ocrx_word' id='word_1_172' title='bbox 793 3558 902 3621; x_wconf 85' lang='lat' dir='ltr'><strong>locutu</strong></span> <span class='ocrx_word' id='word_1_173' title='bbox 928 3548 1048 3619; x_wconf 87' lang='lat' dir='ltr'><strong>habere</strong></span> <span class='ocrx_word' id='word_1_174' title='bbox 1067 3552 1178 3619; x_wconf 85' lang='lat' dir='ltr'><strong>debet.</strong></span> <span class='ocrx_word' id='word_1_175' title='bbox 1221 3554 1309 3631; x_wconf 90' lang='lat' dir='ltr'><strong>Quid</strong></span> 
     </span>
    </p>

    <p class='ocr_par' dir='ltr' id='par_1_12' title="bbox 328 3636 1314 3978">
     <span class='ocr_line' id='line_1_29' title="bbox 328 3636 1307 3723; baseline -0.003 -16"><span class='ocrx_word' id='word_1_176' title='bbox 328 3646 333 3655; x_wconf 89' lang='lat'><em>&#39;</em></span> <span class='ocrx_word' id='word_1_177' title='bbox 402 3637 521 3707; x_wconf 78' lang='lat' dir='ltr'><strong>enim?</strong></span> <span class='ocrx_word' id='word_1_178' title='bbox 564 3640 670 3717; x_wconf 90' lang='lat' dir='ltr'><strong>Quum</strong></span> <span class='ocrx_word' id='word_1_179' title='bbox 712 3642 755 3723; x_wconf 19' lang='lat' dir='ltr'><strong>in·</strong></span> <span class='ocrx_word' id='word_1_180' title='bbox 788 3644 949 3723; x_wconf 67' lang='lat' dir='ltr'><strong>prsstnirua</strong></span> <span class='ocrx_word' id='word_1_181' title='bbox 976 3636 1109 3703; x_wconf 80' lang='lat' dir='ltr'><strong>ecclesia</strong></span> <span class='ocrx_word' id='word_1_182' title='bbox 1140 3638 1307 3721; x_wconf 73' lang='lat' dir='ltr'><strong>uif‘ciplinn</strong></span> 
     </span>
     <span class='ocr_line' id='line_1_30' title="bbox 402 3720 1313 3806; baseline -0.001 -15"><span class='ocrx_word' id='word_1_183' title='bbox 402 3726 494 3791; x_wconf 86' lang='lat' dir='ltr'><strong>nullo</strong></span> <span class='ocrx_word' id='word_1_184' title='bbox 538 3720 608 3787; x_wconf 84' lang='lat' dir='ltr'><strong>iere</strong></span> <span class='ocrx_word' id='word_1_185' title='bbox 666 3724 736 3787; x_wconf 83' lang='lat' dir='ltr'><strong>iure</strong></span> <span class='ocrx_word' id='word_1_186' title='bbox 786 3725 906 3806; x_wconf 84' lang='lat' dir='ltr'><strong>scripto</strong></span> <span class='ocrx_word' id='word_1_187' title='bbox 956 3724 1177 3795; x_wconf 81' lang='lat' dir='ltr'><strong>continetur,</strong></span> <span class='ocrx_word' id='word_1_188' title='bbox 1222 3726 1313 3790; x_wconf 85' lang='lat' dir='ltr'><strong>vnde</strong></span> 
     </span>
     <span class='ocr_line' id='line_1_31' title="bbox 404 3802 1314 3895; baseline 0.001 -21"><span class='ocrx_word' id='word_1_189' title='bbox 404 3813 473 3874; x_wconf 83' lang='lat' dir='ltr'><strong>eius</strong></span> <span class='ocrx_word' id='word_1_190' title='bbox 496 3808 591 3873; x_wconf 87' lang='lat' dir='ltr'><strong>nobis</strong></span> <span class='ocrx_word' id='word_1_191' title='bbox 610 3802 789 3874; x_wconf 83' lang='lat' dir='ltr'><strong>arcessenda</strong></span> <span class='ocrx_word' id='word_1_192' title='bbox 816 3820 908 3870; x_wconf 87' lang='lat' dir='ltr'><strong>erunt</strong></span> <span class='ocrx_word' id='word_1_193' title='bbox 924 3808 1102 3895; x_wconf 88' lang='lat' dir='ltr'><strong>principia,</strong></span> <span class='ocrx_word' id='word_1_194' title='bbox 1129 3804 1184 3871; x_wconf 86' lang='lat' dir='ltr'><strong>nist</strong></span> <span class='ocrx_word' id='word_1_195' title='bbox 1200 3806 1243 3871; x_wconf 89' lang='lat' dir='ltr'><strong>ab</strong></span> <span class='ocrx_word' id='word_1_196' title='bbox 1261 3828 1314 3875; x_wconf 87' lang='lat' dir='ltr'><strong>au·</strong></span> 
     </span>
     <span class='ocr_line' id='line_1_32' title="bbox 403 3887 1313 3978; baseline 0 -20"><span class='ocrx_word' id='word_1_197' title='bbox 403 3902 492 3978; x_wconf 84' lang='lat' dir='ltr'><strong>tiqua</strong></span> <span class='ocrx_word' id='word_1_198' title='bbox 520 3894 587 3955; x_wconf 91' lang='lat' dir='ltr'><strong>eius</strong></span> <span class='ocrx_word' id='word_1_199' title='bbox 614 3889 829 3967; x_wconf 83' lang='lat' dir='ltr'><strong>obseruantia,</strong></span> <span class='ocrx_word' id='word_1_200' title='bbox 853 3896 951 3975; x_wconf 85' lang='lat' dir='ltr'><strong>atque</strong></span> <span class='ocrx_word' id='word_1_201' title='bbox 984 3887 1071 3959; x_wconf 75' lang='lat' dir='ltr'><strong>vlu?</strong></span> <span class='ocrx_word' id='word_1_202' title='bbox 1102 3892 1233 3975; x_wconf 85' lang='lat' dir='ltr'><strong>Ecquid</strong></span> <span class='ocrx_word' id='word_1_203' title='bbox 1259 3912 1313 3958; x_wconf 79' lang='lat' dir='ltr'><strong>au·</strong></span> 
     </span>
    </p>

    <p class='ocr_par' dir='ltr' id='par_1_13' title="bbox 403 3972 1313 4063">
     <span class='ocr_line' id='line_1_33' title="bbox 403 3972 1313 4063; baseline -0.001 -20"><span class='ocrx_word' id='word_1_204' title='bbox 403 3994 469 4043; x_wconf 89' lang='lat' dir='ltr'><strong>rem</strong></span> <span class='ocrx_word' id='word_1_205' title='bbox 487 3974 573 4041; x_wconf 90' lang='lat' dir='ltr'><strong>aliud</strong></span> <span class='ocrx_word' id='word_1_206' title='bbox 588 3972 633 4038; x_wconf 86' lang='lat' dir='ltr'><strong>est</strong></span> <span class='ocrx_word' id='word_1_207' title='bbox 650 3978 802 4058; x_wconf 86' lang='lat' dir='ltr'><strong>antiquus</strong></span> <span class='ocrx_word' id='word_1_208' title='bbox 819 3978 916 4054; x_wconf 76' lang='lat' dir='ltr'><strong>vioe,</strong></span> <span class='ocrx_word' id='word_1_209' title='bbox 937 3994 1030 4063; x_wconf 88' lang='lat' dir='ltr'><strong>quam</strong></span> <span class='ocrx_word' id='word_1_210' title='bbox 1047 3979 1245 4062; x_wconf 83' lang='lat' dir='ltr'><strong>antiquitatis</strong></span> <span class='ocrx_word' id='word_1_211' title='bbox 1260 3997 1313 4042; x_wconf 78' lang='lat' dir='ltr'><strong>ec-</strong></span> 
     </span>
    </p>

    <p class='ocr_par' dir='ltr' id='par_1_14' title="bbox 280 4056 1333 4404">
     <span class='ocr_line' id='line_1_34' title="bbox 307 4056 1313 4141; baseline 0.003 -17"><span class='ocrx_word' id='word_1_212' title='bbox 307 4135 309 4140; x_wconf 37' lang='lat'><strong>,</strong></span> <span class='ocrx_word' id='word_1_213' title='bbox 404 4058 591 4124; x_wconf 84' lang='lat' dir='ltr'><strong>clefiasticae</strong></span> <span class='ocrx_word' id='word_1_214' title='bbox 609 4056 760 4127; x_wconf 73' lang='lat' dir='ltr'><strong>historia?</strong></span> <span class='ocrx_word' id='word_1_215' title='bbox 783 4078 826 4124; x_wconf 85' lang='lat' dir='ltr'><strong>ex</strong></span> <span class='ocrx_word' id='word_1_216' title='bbox 843 4079 904 4141; x_wconf 92' lang='lat' dir='ltr'><strong>qua</strong></span> <span class='ocrx_word' id='word_1_217' title='bbox 930 4060 1118 4127; x_wconf 81' lang='lat' dir='ltr'><strong>hauriendae</strong></span> <span class='ocrx_word' id='word_1_218' title='bbox 1134 4064 1204 4126; x_wconf 86' lang='lat' dir='ltr'><strong>suut</strong></span> <span class='ocrx_word' id='word_1_219' title='bbox 1221 4078 1313 4127; x_wconf 88' lang='lat' dir='ltr'><strong>occa·</strong></span> 
     </span>
     <span class='ocr_line' id='line_1_35' title="bbox 338 4142 1314 4230; baseline -0.001 -21"><span class='ocrx_word' id='word_1_220' title='bbox 338 4162 342 4174; x_wconf 75' lang='grc'><em>“</em></span> <span class='ocrx_word' id='word_1_221' title='bbox 403 4142 508 4209; x_wconf 86' lang='lat' dir='ltr'><strong>fiones</strong></span> <span class='ocrx_word' id='word_1_222' title='bbox 525 4142 739 4209; x_wconf 83' lang='lat' dir='ltr'><strong>institutorum</strong></span> <span class='ocrx_word' id='word_1_223' title='bbox 759 4142 1059 4230; x_wconf 80' lang='lat' dir='ltr'><strong>ecclefiassicorum,</strong></span> <span class='ocrx_word' id='word_1_224' title='bbox 1088 4145 1185 4209; x_wconf 88' lang='lat' dir='ltr'><strong>status</strong></span> <span class='ocrx_word' id='word_1_225' title='bbox 1206 4148 1314 4210; x_wconf 54' lang='lat' dir='ltr'><strong>eccle,</strong></span> 
     </span>
     <span class='ocr_line' id='line_1_36' title="bbox 280 4228 1333 4315; baseline 0.001 -18"><span class='ocrx_word' id='word_1_226' title='bbox 280 4294 283 4297; x_wconf 77' lang='grc'><strong><em>,</em></strong></span> <span class='ocrx_word' id='word_1_227' title='bbox 405 4228 483 4303; x_wconf 82' lang='lat' dir='ltr'><strong>fiae,</strong></span> <span class='ocrx_word' id='word_1_228' title='bbox 520 4232 653 4311; x_wconf 87' lang='lat' dir='ltr'><strong>eiusque</strong></span> <span class='ocrx_word' id='word_1_229' title='bbox 679 4228 909 4295; x_wconf 87' lang='lat' dir='ltr'><strong>vicillitudines</strong></span> <span class='ocrx_word' id='word_1_230' title='bbox 933 4235 1039 4297; x_wconf 84' lang='lat' dir='ltr'><strong>animo</strong></span> <span class='ocrx_word' id='word_1_231' title='bbox 1077 4230 1333 4315; x_wconf 71' lang='lat' dir='ltr'><strong>repraesentem.</strong></span> 
     </span>
     <span class='ocr_line' id='line_1_37' title="bbox 411 4313 1315 4404; baseline 0.003 -23"><span class='ocrx_word' id='word_1_232' title='bbox 411 4313 490 4385; x_wconf 73' lang='lat' dir='ltr'><strong>daet</strong></span> <span class='ocrx_word' id='word_1_233' title='bbox 521 4316 660 4404; x_wconf 77' lang='lat' dir='ltr'><strong>tationes</strong></span> <span class='ocrx_word' id='word_1_234' title='bbox 678 4313 756 4383; x_wconf 79' lang='lat' dir='ltr'><strong>iuris</strong></span> <span class='ocrx_word' id='word_1_235' title='bbox 781 4332 882 4381; x_wconf 87' lang='lat' dir='ltr'><strong>verae</strong></span> <span class='ocrx_word' id='word_1_236' title='bbox 915 4317 1072 4401; x_wconf 71' lang='lat' dir='ltr'><strong>aspuriis</strong></span> <span class='ocrx_word' id='word_1_237' title='bbox 1099 4315 1315 4384; x_wconf 83' lang='lat' dir='ltr'><strong>secernendae</strong></span> 
     </span>
    </p>

    <p class='ocr_par' dir='ltr' id='par_1_15' title="bbox 400 4409 1271 4449">
     <span class='ocr_line' id='line_1_38' title="bbox 400 4409 1271 4449; baseline -0.001 1"><span class='ocrx_word' id='word_1_238' title='bbox 400 4411 402 4415; x_wconf 88' lang='lat'>&#39;</span> <span class='ocrx_word' id='word_1_239' title='bbox 975 4421 978 4431; x_wconf 63' lang='lat'><em>¹</em></span> <span class='ocrx_word' id='word_1_240' title='bbox 1236 4409 1271 4449; x_wconf 68' lang='lat' dir='ltr'><strong>nr</strong></span> 
     </span>
    </p>
   </div>
   <div class='ocr_carea' id='block_1_6' title="bbox 0 0 1604 5092">
    <p class='ocr_par' dir='ltr' id='par_1_16' title="bbox 0 0 1604 5092">
     <span class='ocr_line' id='line_1_39' title="bbox 0 0 1604 5092; baseline 0 2"><span class='ocrx_word' id='word_1_241' title='bbox 0 0 1604 5092; x_wconf 95' lang='lat' dir='ltr'><strong> </strong></span> 
     </span>
    </p>
   </div>
  </div>
 </body>
</html>
