3200 5092
294 506 348 577 to
379 494 808 576 lvnrsrnvnunmu
834 489 1232 598 Eccnunntncnu,
1277 476 1279 482 ⁸

592 669 596 676 ·
709 666 751 772 s.
779 670 885 749 xnt

297 873 390 975 Quo
408 851 599 983 speciant
618 870 699 956 dies
710 847 828 991 festi,
870 855 1046 981 templo,
1067 828 1107 953 et
1134 834 1295 969 cenem.

482 1055 486 1068 ,
746 1002 846 1057 ntae.
1186 1070 1187 1073 g

275 1204 280 1216 ·
378 1182 561 1266 Profedio
592 1186 837 1268 innumerae·
852 1186 1008 1294 prorsus
1023 1188 1110 1269 sunt
1137 1187 1312 1281 causae,

296 1307 400 1395 quae
430 1289 616 1392 cuiusque
653 1290 826 1373 animum
853 1292 1052 1373 fortiffime
1088 1295 1319 1401 impellere}

293 1393 456 1492 debent,
494 1412 539 1473 vt
558 1390 693 1471 Deum
707 1396 972 1501 superomnia
991 1423 1119 1476 amare
1127 1456 1139 1495 ,
1167 1404 1196 1488 (
1208 1397 1292 1501 sup.¹

295 1504 345 1587 „d-
378 1521 435 1575 11.
461 1524 561 1577 nunt.
593 1521 627 1575 1.
649 1504 677 1596 )
704 1518 742 1577 et
757 1498 939 1605 perficere
963 1498 1105 1583 viribus
1121 1499 1329 1580 omnibus?

294 1620 462 1679 conetur.
505 1602 626 1693 'Adeo
664 1624 805 1683 verum
836 1604 908 1703 est,
943 1608 1157 1685 naturalem
1191 1606 1322 1709 hanc,

202 1707 205 1715 '
297 1700 375 1781 effe
394 1704 689 1812 obligationem,
717 1727 764 1786 vt
793 1735 871 1789 non
896 1728 1046 1792 tentum
1073 1707 1217 1788 relictis
1234 1732 1319 1788 re.

193 1846 196 1853 ·
292 1829 382 1885 rum
408 1808 676 1911 humanarum.
692 1806 796 1888 curis
820 1811 1021 1917 religionis
1064 1812 1185 1920 magis
1215 1835 1293 1909 me-

296 1907 433 2014 gisque
466 1912 703 1993 excolendae
738 1911 851 1990 causa
890 1914 1188 2023 conueniamuS,¹
1227 1914 1309 2012 sed-

295 2014 489 2093 vtetiam
524 2042 561 2118 3.
592 2011 1012 2117 )DieefestotExon.
1046 2014 1146 2104 XX.
1186 2029 1222 2112 8..
1253 2032 1296 2095 et

200 2142 203 2146 ’
262 2116 265 2122 ’
296 2113 376 2218 4.)
405 2118 546 2220 templa
570 2120 694 2195 loru.
726 2114 781 2195 ΙΙ.
817 2137 875 2212 14.
906 2141 965 2219 15.
993 2137 1033 2199 et
1065 2122 1146 2219 5.)
1184 2116 1308 2208 Cere·¹

294 2216 588 2322 moniassacrae
609 2222 770 2301 Genus.
789 2215 883 2295 XX
886 2221 950 2303 VI.
971 2248 1010 2313 5·
1029 2221 1168 2303 Exoo,
1190 2214 1296 2315 ΧΠ,

297 2322 359 2398 26.
378 2326 588 2429 ‘quaesunt
602 2321 707 2429 signa
722 2347 879 2420 eorum,
909 2348 1072 2430 quorum
1091 2324 1134 2404 in
1156 2321 1304 2418 obeunt·-

295 2422 355 2505 dis
374 2426 490 2508 sacris
517 2425 728 2508 meminiffe
752 2428 958 2525 debemus,
986 2449 1026 2508 et
1050 2428 1086 2509 6.
1109 2431 1128 2529 i
1152 2422 1294 2529 imagi-

297 2554 363 2609 nes
378 2530 663 2613 constituamus·

176 2740 179 2745 ’
298 2740 390 2820 Quae
410 2759 496 2806 vero
518 2738 566 2805 his
596 2742 629 2805 in
653 2740 868 2806 conuentibus
891 2736 1014 2825 agenda
1041 2734 1121 2815 fint,
1141 2755 1186 2801 ex
1210 2734 1296 2816 fine,

381 2829 414 2892 in
431 2844 528 2908 quem
544 2822 752 2889 instituendos
770 2821 834 2889 eise
850 2823 1006 2895 diximus,
1029 2822 1192 2887 elucescit.
1228 2825 1296 2885 Do-

301 2944 303 2949 s
382 2909 484 2976 cende
510 2908 657 2971 nimirum
682 2908 754 2973 sunt
772 2927 829 2986 en,
852 2927 934 2992 quae
952 2905 996 2972 de
1013 2907 1108 2983 Deo,
1130 2904 1173 2969 de
1191 2905 1295 2969 virtu·

382 2992 445 3067 tis,
467 2992 650 3074 etpietatis
666 2991 792 3056 cultura
813 2993 894 3058 scitu
912 2986 1082 3056 necessaria
1105 2993 1184 3053 sunt.
1227 2990 1296 3051 Ex·

347 3130 351 3139 .
381 3074 530 3138 excitatio
547 3077 644 3153 item,
666 3082 701 3138 et
718 3073 855 3140 studium
874 3077 906 3138 in
925 3072 1094 3163 precibus,
1115 3071 1298 3154 diuinisque

351 3188 354 3192 ·
384 3154 533 3235 laudibus
549 3153 704 3243 frequens
729 3155 793 3224 esse
821 3158 941 3239 debet,
967 3161 1206 3243 praecipuaque
1239 3154 1296 3217 ho·

383 3240 503 3307 minum
527 3256 622 3319 cura,
644 3250 685 3307 vt
710 3262 819 3326 ‚quae
834 3242 875 3309 ad
901 3237 1109 3326 religionem,
1142 3242 1297 3320 vitaeque

383 3322 616 3393 institutionem
641 3327 828 3411 pertinent,
861 3344 899 3390 ea
917 3325 1089 3410 diligenter
1114 3324 1320 3397 addiscant,

384 3409 564 3493 seduloque
581 3412 620 3474 iis
639 3415 672 3477 se
693 3411 726 3473 in
746 3412 859 3475 officiis
877 3420 1068 3489 exerceant,
1091 3426 1173 3492 quae
1198 3408 1298 3494 pieta·

386 3494 653 3568 remcontinent3
675 3506 773 3575 atque
788 3492 891 3559 exhis
908 3492 1048 3581 intelligi
1065 3491 1181 3581 potest,
1203 3506 1298 3576 quam

387 3575 565 3643 conformis
583 3579 703 3645 rationi
718 3576 755 3643 fit
783 3576 944 3644 catholiea
968 3580 1159 3663 praeceptio
1188 3574 1230 3639 de
1247 3574 1296 3637 vi·

384 3660 489 3727 randis
505 3659 587 3726 festo
607 3662 661 3729 die
676 3661 843 3746 operibus,
855 3680 1067 3750 quaecunque
1078 3661 1219 3728 diuinum
1230 3656 1299 3721 cul·

226 3799 228 3810 .
388 3756 457 3809 tum
479 3747 639 3829 impedire
656 3745 804 3834 poliunt,
826 3765 890 3811 non
915 3748 1042 3832 quidem
1065 3766 1101 3811 ea
1127 3764 1186 3816 rei
1208 3735 1299 3826 q1¹0d

295 3864 297 3873 ·
389 3834 443 3895 sua
472 3842 584 3894 natura
601 3846 657 3898 aut
670 3844 810 3916 turpet,
832 3843 886 3912 aut
920 3834 1019 3897 melae
1036 3830 1117 3907 fint,
1140 3826 1194 3894 sed
1210 3822 1300 3910 quod

390 3916 528 3977 animum
554 3933 572 3978 a
596 3914 709 3981 diuino
740 3916 854 3993 cultu,
885 3917 940 4000 qui
957 3934 1068 3979 eorum
1086 3913 1158 3982 finis
1175 3908 1236 3987 est,
1258 3904 1301 3971 ad

390 4000 452 4063 alia
466 3996 640 4065 abducunt.
683 4005 757 4069 An,
779 4001 834 4082 qui
850 3998 900 4063 his
912 3995 1083 4076 abstinent,
1107 3994 1204 4073 ludis,
1219 3990 1303 4056 cho·

347 4112 349 4116 ·
390 4083 474 4154 reiS,
494 4079 632 4167 aliisque
649 4094 787 4159 vacant,
810 4102 893 4168 quae
912 4098 978 4145 non
998 4085 1100 4151 solum
1118 4092 1260 4147 mentem
1284 4092 1302 4138 a

394 4182 502 4260 rerum
520 4163 696 4236 diuinarum
713 4167 815 4235 studio
832 4179 992 4247 euocauit,
1015 4166 1069 4236 ied
1085 4186 1103 4233 a
1124 4166 1186 4232 Dei
1217 4179 1301 4231 aruo·

442 4297 448 4308 .
665 4260 671 4267 ·
1224 4266 1258 4311 re
