3200 5092
685 564 776 646 Pa
804 592 879 648 nt
929 572 958 647 Ῑ.
1253 603 1315 683 '¹3

337 740 403 835 nia,
429 737 745 847 conformemque
760 742 993 848 religionem¹
1008 748 1224 830 naturalem
1248 750 1317 834 ho·

336 846 446 926 mines
466 842 733 948 profiteantur.
787 847 983 928 Ponamus
999 847 1074 929 hoc
1089 855 1219 933 animo
1236 858 1319 959 plu·

329 974 382 1027 tes
407 949 511 1026 inter
538 944 578 1024 se
606 949 840 1053 conuenire3
873 972 916 1030 et
966 954 1115 1033 redibit
1142 958 1314 1055 societur
1397 985 1404 1054 j

321 1045 504 1132 lominum
520 1048 559 1126 in
582 1047 763 1155 religione
789 1073 906 1145 natur
932 1075 935 1080 ·
983 1059 1314 1160 consentientium,

368 1181 414 1234 ae
435 1176 647 1241 trecensu
667 1157 897 1261 adpellatur.
953 1159 1019 1239 Est
1036 1160 1133 1241 haec
1151 1163 1313 1247 societas

317 1177 367 1337 Συ
392 1252 583 1356 otietica,
619 1278 660 1338 et
678 1262 747 1343 vel
769 1259 961 1366 aequalis,
999 1266 1082 1343 vel·
1099 1264 1315 1369 inaequalis
1355 1285 1362 1300 '

316 1388 338 1441 e
365 1389 387 1440 e
406 1360 540 1466 potest
590 1362 704 1443 Licet
721 1364 823 1447 enim
835 1366 1093 1447 substantialia
1109 1368 1314 1491 religionis

314 1465 500 1556 naturalis
517 1491 541 1543 a
557 1470 643 1544 Deo
660 1469 915 1552 determinata
931 1471 1010 1549 iam
1027 1468 1113 1559 sint,
1136 1494 1182 1552 vt
1192 1499 1312 1580 impe·

313 1570 413 1648 tium
430 1594 550 1649 omne
577 1570 859 1655 transcendant:
899 1574 1148 1656 arbitrarium
1176 1597 1308 1659 tamen

313 1676 437 1753 cultus
453 1674 613 1751 externi
627 1680 810 1774 modum,
837 1678 962 1757 media
979 1702 1134 1784 quoque
1150 1680 1308 1783 religio·

310 1776 367 1854 nis
388 1795 431 1855 et
448 1774 633 1855 ecclesiae
653 1778 871 1886 integritati
886 1779 1061 1888 proficua
1078 1783 1145 1860 vel
1168 1806 1307 1872 conue-

308 1879 499 1974 nientium
528 1879 664 1986 patto,
706 1885 775 1963 vel
801 1884 1027 1991 imperantis
1059 1883 1307 1968 ecclesiastici

309 1986 512 2063 voluntate
532 1984 783 2067 determinari
808 1990 902 2068 adeo
927 2017 1006 2068 non
1023 2010 1231 2095 repugnat,
1257 2011 1306 2072 vt

309 2090 540 2170 alterutrum
557 2086 645 2167 fieri
665 2113 783 2194 quam
802 2092 972 2173 maxime
992 2113 1184 2193 oporteat.
1202 2092 1305 2174 Plu·

308 2214 371 2285 ra,
394 2216 473 2270 non
491 2216 590 2295 opus
615 2195 689 2280 est,
714 2213 761 2274 vt
776 2193 879 2276 hanc
899 2196 940 2274 in
962 2222 1046 2275 rem
1064 2197 1302 2283 adferamus,

309 2294 457 2393 primas
470 2296 596 2376 veluti
622 2296 744 2376 lineas
771 2295 939 2391 duxisse,
966 2323 1084 2405 atque
1109 2298 1302 2384 summum

310 2391 496 2493 eoelefiae
510 2420 625 2505 genus
646 2400 773 2485 obiter
791 2400 1036 2485 confideralse
1060 2403 1246 2487 contenti.

616 2727 622 2740 „
683 2569 740 2711 ς.
770 2610 896 2687 xvn.
999 2571 1003 2582 “

315 2804 483 2910 Potestas
502 2809 743 2914 ecclffiastica
771 2810 1002 2892 naturaliter
1021 2788 1216 2919 rizaiellati
1234 2843 1297 2896 co·

806 2937 878 2995 ret.

387 3120 730 3230 thuidempofita
745 3119 902 3203 ciuitate
914 3125 989 3206 hoc
999 3122 1081 3230 ipso
1096 3122 1295 3208 ecclesiam

315 3246 460 3334 eamque
478 3233 722 3335 inaequalem
742 3227 833 3332 poni
850 3227 997 3309 neeelle
1014 3234 1099 3308 erit.
1135 3229 1294 3308 Etenim

314 3326 397 3412 iuris
450 3336 665 3414 ubernandi
693 3333 894 3413 ciuitatem
921 3335 1009 3437 pare
1042 3332 1157 3437 longe
1183 3355 1293 3436 prae-

313 3360 514 3520 stentiliima
536 3439 609 3538 est,
637 3465 734 3543 quae
763 3437 806 3517 in
823 3436 968 3541 pietate
984 3434 1130 3515 ciuium
1150 3433 1290 3514 animis

310 3537 578 3645 implantanda‚
614 3546 797 3647 cultuque
821 3540 946 3619 diuini
973 3538 1144 3619 numinis
1162 3540 1210 3645 ad
1227 3563 1289 3615 re·

308 3641 561 3730 iterationis
585 3648 712 3753 princi
741 3647 777 3725 ia
803 3646 1036 3724 moderando
1051 3663 1290 3759 occupatur.

306 3751 509 3846 Maiestatis
536 3754 707 3858 igituro
752 3750 856 3830 cium
897 3747 992 3842 erit,
1030 3746 1290 3827 substantialia

303 3857 499 3962 religionis
525 3859 651 3949 omni,
692 3878 770 3961 qno
797 3852 915 3956 potest
939 3852 1051 3930 modo
1075 3849 1295 3964 custodire-t

298 3962 546 4043 accidentalia
561 3986 658 4041 vero
679 3960 737 4041 ita
753 3957 1033 4049 determinare,
1059 3973 1105 4034 vt
1116 3951 1186 4032 sint
1203 3950 1289 4028 felt·

296 4066 421 4146 citatis
438 4069 615 4149 internae
637 4067 656 4158 (
682 4064 759 4167 sun
787 4060 826 4163 55.
856 4088 913 4141 12.
938 4066 957 4161 )
994 4060 1142 4138 media:
1167 4052 1287 4135 finem

292 4188 419 4253 tamen
434 4170 618 4264 ciuitatis,
640 4166 922 4252 &felicitatem
938 4183 1153 4249 extentam,
1169 4181 1286 4264 quam

459 4318 463 4326 ⁴
1082 4351 1086 4357 ,
1148 4285 1239 4353 cum
1275 4335 1278 4342 .
