3200 5092
308 537 387 628 roe
425 548 837 631 Ivnrsnnuonnrrnn
863 548 1248 649 Eccnnmasrrcarr,

264 762 269 767 ·
385 737 452 802 sum
467 736 507 801 ad
523 734 750 803 confutandam
766 736 892 803 Pavor
908 737 1152 804 Sruosannur
1178 735 1314 806 haere·

269 862 271 866 -
383 819 461 902 sim,
479 831 520 887 vt
535 822 594 886 alia
604 822 698 905 plura
714 823 864 903 exempla
876 836 1119 903 praetereamus.
1151 823 1305 890 Praeter·

384 902 446 969 bos
465 918 571 970 autem
593 908 673 971 alios
698 923 829 989 quoque
855 900 994 972 clericos
1013 905 1148 973 'secundi
1169 910 1311 974 ordinifl

383 1000 533 1069 tanquam
550 992 774 1076 episcoporum
801 988 977 1058 absentium
1000 1000 1227 1075 procuratores
1254 994 1290 1058 in

381 1074 531 1138 conciliis
556 1078 739 1160 praesentes
760 1067 851 1138 fuisse
874 1076 1026 1160 reperio,
1061 1078 1103 1140 ita
1125 1084 1167 1137 vt
1192 1077 1288 1144 etiam

383 1172 467 1234 ¹uoto
484 1170 656 1224 vterentur
672 1155 830 1234 decifiuo,
851 1160 938 1243 quali
950 1156 1046 1242 gauisr
1059 1154 1188 1224 fuiffent
1207 1161 1287 1245 epis·

383 1242 477 1326 copi.
505 1238 658 1326 aquibus
683 1240 898 1307 mittebantur.
941 1241 1118 1325 inquibus
1145 1239 1210 1305 hoc
1229 1242 1287 1324 ob

258 1391 264 1410 Ι,
381 1328 568 1391 seruandum
585 1324 648 1404 est,
665 1326 751 1412 quod
768 1328 802 1389 in
821 1324 955 1394 ecclefia
973 1326 1103 1409 quidem
1126 1325 1224 1392 latina
1242 1338 1288 1406 ,et

313 1469 320 1479 ,
380 1408 489 1473 sedem
508 1411 669 1493 episcopis
690 1410 898 1490 posteriorem
925 1422 1144 1492 occuparent,
1167 1420 1203 1475 et
1221 1407 1284 1475 suf·

380 1490 490 1573 fragiis
513 1492 585 1577 post
607 1497 779 1577 episcopos
808 1491 888 1561 datis
907 1493 1157 1558 ilrbscriberente
1188 1489 1288 1577 quum

382 1591 495 1643 contra
505 1581 679 1658 utrumque
696 1582 728 1641 in
746 1577 880 1643 ecclesia
897 1594 1007 1659 graeca
1026 1578 1120 1642 aliter
1137 1576 1288 1664 pbsetua·

355 1709 358 1720 .
382 1672 481 1727 retur.
500 1661 587 1746 conf,
611 1666 763 1728 cluss.
781 1678 841 1727 not.
856 1662 949 1743 ecclefi
958 1661 1065 1741 soced.
1080 1660 1110 1726 I.
1128 1682 1160 1747 p.
1179 1682 1216 1728 ut.
1235 1681 1285 1742 14,

376 1742 457 1829 sera·
549 1832 552 1837 ,
643 1796 645 1800 -

642 1896 682 2000 §-
723 1896 940 1981 ccxxxv.

505 2059 508 2066 ,
553 2082 727 2165 Vocandi
745 2093 835 2191 fiunt
861 2089 1035 2201 episcopi.
1106 2155 1137 2182 .,

380 2247 444 2328 Eli
468 2259 602 2340 codem
627 2260 873 2368 consequitur
896 2287 1040 2362 porro,
1068 2258 1276 2366 episcopis,

264 2374 267 2379 ·
296 2373 390 2451 quoe
414 2365 617 2446 Snrnrrvs
653 2383 853 2446 sancrvs'
875 2364 1030 2456 posuit,
1057 2390 1185 2468 regere
1208 2387 1278 2443 rac·

253 2501 256 2510 ¹
297 2486 494 2568 chuerum
529 2468 666 2563 Dor,
684 2495 823 2574 munus
856 2468 937 2546 iure
968 2465 1096 2547 diuino
1132 2463 1280 2569 impelii

197 2587 200 2593 ·
293 2587 377 2651 tum
405 2574 480 2654 elle
498 2620 522 2664 ,·
543 2596 590 2653 vt
615 2572 788 2655 intersint
814 2570 999 2652 conciliis.
1059 2576 1195 2675 Neque
1225 2591 1279 2649 tu·¹

293 2696 383 2753 men
400 2680 446 2768 ob
461 2676 502 2755 id
523 2677 682 2757 excludi
704 2676 966 2778 easpersonar
987 2672 1276 2763 ecclesiasticas,

296 2778 405 2878 queis
429 2780 624 2861 recentior
649 2775 829 2858 ecclesiae
868 2774 1095 2858 consuetudo
1120 2778 1185 2857 ius
1210 2770 1279 2858 tri·

209 2983 211 2989 Ι
300 2880 386 2962 buit
411 2882 656 2988 comparendi
680 2879 722 2960 in
747 2878 935 2961 conciliis.
1239 2875 1246 2894 '

295 3076 531 3161 Episcoporum
553 3081 678 3163 quippe
694 3096 808 3144 munus
830 3074 942 3151 idest,
967 3074 1172 3160 vt-vigilem
1194 3067 1282 3138 adbi-

378 3160 475 3227 beant
489 3179 617 3242 curam,
650 3163 908 3249 diligentiamque
930 3166 962 3227 in
987 3160 1083 3225 rebus
1097 3158 1148 3223 ad
1173 3159 1281 3222 eccle·

375 3243 449 3311 siam
457 3245 860 3329 pertinentibusmormas,
871 3247 1059 3329 regulasque
1069 3241 1281 3308 determinan-

377 3330 430 3408 di,
468 3330 584 3413 quibus
601 3327 716 3395 fideles
734 3351 828 3398 curae
854 3328 927 3395 suae
951 3323 1128 3393 conimiilos
1147 3323 1279 3416 adpcul·

294 3426 296 3432 ·
376 3424 446 3478 tum
462 3417 565 3487 Dat,
621 3426 851 3499 erpetuamque
884 3410 1072 3498 felicitatem
1099 3406 1280 3494 perducant

375 3498 580 3565 AcmonX
608 3510 684 3567 ΑΒ.
704 3501 821 3564 Paua.
835 3494 970 3584 adepless
980 3494 1042 3561 IV.
1064 3514 1111 3560 11.
1133 3513 1183 3558 ra.
1211 3491 1279 3558 Sed

377 3581 439 3644 iam
463 3584 517 3646 diu
541 3583 682 3648 obtinuit
704 3586 738 3648 in
762 3579 922 3658 ecclesia,
960 3592 1002 3645 vt
1023 3592 1056 3644 et
1075 3575 1280 3655 cardinales,

376 3666 545 3753 praelati,
563 3666 720 3741 abbates,
748 3667 867 3749 aliique
891 3665 1035 3731 ordinum
1056 3663 1279 3746 religiosorum

376 3750 558 3832 superiores
576 3749 615 3813 ad
623 3751 759 3834 concilia
771 3761 952 3823 vocentur,
975 3766 1012 3812 ea
1028 3750 1173 3816 ratione.
1189 3742 1280 3829 quoti

374 3832 502 3897 suorum
521 3850 629 3897 curam
647 3847 757 3917 gerant
767 3832 973 3919 spiritualem.
994 3834 1029 3895 A
1043 3849 1110 3915 quo
1122 3842 1277 3911 tempore

376 3913 409 3978 id
433 3914 562 3997 quidem
578 3934 643 3980 non
663 3916 708 3981 est
722 3919 795 3983 satis
813 3927 972 3999 apertum.
1014 3915 1053 4000 ld
1071 3934 1156 3979 uero
1173 3912 1276 3977 dubio

375 3994 479 4076 caret,
506 4003 581 4080 quin
606 4000 719 4066 multis
729 4000 844 4065 seculis
861 3998 1007 4086 episcopi
1026 3998 1276 4082 praeualuerint.

378 4083 615 4155 vinnom
629 4098 708 4168 port.
723 4082 751 4147 I.
768 4084 817 4148 tir.
839 4096 890 4144 ar.
907 4103 933 4144 e.
955 4099 982 4143 1.
1003 4100 1029 4143 n.
1051 4097 1102 4145 20.
1144 4080 1183 4145 In
1200 4096 1276 4144 con·

381 4165 458 4229 cilio
487 4164 622 4233 nicaeno
655 4167 823 4248 secundo,
856 4163 945 4248 quod
973 4182 1157 4249 graecorum
1188 4159 1275 4313 gist’

1160 4267 1186 4313 v
1222 4281 1236 4295 ι
