3200 5092
670 493 944 605 ansi
1202 463 1305 639 d„
1385 635 1390 646 Ι

308 716 384 797 Sed
406 711 449 792 hi
476 740 499 794 a
530 711 716 794 sententia
752 709 820 793 sua
841 711 1072 809 deducendi,
1109 732 1223 819 atque
1256 718 1297 795 id

303 816 432 899 uobisv
449 819 686 897 statuendum
714 812 795 909 est,
835 816 1011 921 antiquas
1049 817 1301 905 decretalium

304 919 551 1003 collessiones
566 919 681 998 valde
697 919 814 997 utiles
830 918 924 1015 esse,
951 919 1031 999 imo
1051 919 1298 1003 necessarias:
1340 1011 1343 1018 ,

303 1042 387 1106 tum
421 1028 468 1104 ad
497 1042 673 1100 veterem
710 1020 949 1125 disciplinam
981 1021 1299 1128 cognoscendam,
1376 1077 1380 1086 ·

303 1144 387 1207 tum
415 1130 463 1205 ad
482 1126 764 1217 decretalium,¹
791 1149 892 1231 quae
905 1124 1141 1230 gregoriana
1158 1126 1301 1208 collec-
1349 1185 1352 1191 ‚

302 1229 409 1309 tione
438 1228 703 1322 continentur,
737 1226 963 1309 sententiam
990 1226 1094 1310 resse
1146 1228 1298 1334 erspici·

301 1332 451 1411 endam.
475 1332 585 1410 Hanc
596 1332 699 1411 enirn
709 1354 763 1408 ex
776 1331 944 1440 antiquis
953 1330 1046 1430 illis,
1055 1251 1172 1438 ipiipus
1181 1334 1297 1411 Gun-

302 1456 431 1512 eoau
473 1436 540 1511 IX.
565 1434 820 1516 decretalibus
846 1458 886 1515 et
910 1434 1043 1536 paucis
1069 1434 1297 1539 quibusdam

304 1532 393 1613 aliis
413 1535 602 1639 capitibus
628 1537 826 1642 exceptis,
848 1536 1076 1642 descriptam
1094 1537 1227 1636 luisse,
1253 1540 1294 1619 iu

304 1639 449 1742 vulgus
468 1639 602 1719 notum
619 1640 682 1720 esi
775 1639 777 1646 ’

309 1860 397 1929 Hinc
410 1864 611 1946 decretales.
633 1872 757 1954 quaein
772 1870 961 1958 gregoriana
974 1864 1176 1933 librariorum
1193 1866 1293 1953 culpe

383 1966 553 2037 corruptas
592 1955 822 2042 inscriptiones
851 1951 1110 2038 praeseferunt,
1148 1954 1292 2037 antiqua·

382 2052 454 2099 runa
495 2034 704 2104 decretalium
731 2058 799 2126 ope
837 2036 933 2102 facile
955 2033 1225 2102 emendabuntur=
1247 2033 1291 2102 ,id

385 2116 475 2202 quod
496 2122 592 2207 saepe
609 2121 649 2187 ad
676 2120 893 2189 Decretalium
913 2139 1024 2189 veram
1046 2119 1291 2205 intelligentiam

382 2204 519 2267 multura
547 2204 694 2289 prodest,
725 2219 895 2291 praeterea
915 2224 1012 2289 quum
1030 2204 1135 2293 capita
1153 2202 1292 2286 permul-

299 2286 1290 2377 :tmmmfflmmmmfflmwm

376 2368 600 2448 videbantur,
633 2378 643 2437 i
670 2376 702 2435 se
726 2375 935 2458 praeciderit,
956 2393 993 2441 ac
1019 2372 1158 2459 proinde
1178 2372 1290 2436 mutila
1330 2409 1333 2414 ·

381 2452 476 2517 uobis
495 2452 697 2525 exhibuerit,
728 2460 830 2519 omnis
854 2457 1028 2523 obscuritas
1051 2455 1242 2547 disparebit,
1264 2449 1290 2521 st

383 2540 417 2601 iu
450 2540 588 2623 antiquis
618 2537 868 2624 collestionibus
903 2539 1100 2607 decretalem
1131 2543 1292 2623 integrant

383 2617 603 2696 consolandus,
631 2621 691 2686 nid.
711 2644 776 2708 rap.
799 2642 831 2698 4.
858 2618 891 2683 de
907 2624 1000 2704 consta.
1014 2642 1075 2710 cup.
1098 2640 1130 2699 4.
1154 2619 1189 2683 de
1208 2621 1288 2688 esest.

382 2706 543 2789 denique,
564 2724 662 2789 quum
682 2708 839 2773 interdum
856 2708 888 2769 in
904 2708 1066 2793 prioribus
1091 2702 1291 2781 colleffloni·

264 2803 267 2811 ·
379 2786 1288 2886 bumfflfflwmmffimfflammmm

286 3013 289 3020 .
379 2870 1288 3053 trinitatis*insittlri‘spisiitiis

378 3041 540 3104 vinacne
551 3058 610 3106 vix
621 3046 747 3127 quidem
758 3046 881 3129 percipi
915 3043 1006 3122 otest,
1027 3044 1081 3112 nisr
1098 3046 1131 3109 in
1147 3044 1288 3126 antiquis

383 3122 634 3190 colletiiouibus
652 3140 749 3213 caput
764 3138 857 3192 antec
902 3147 960 3193 ens
976 3132 1167 3216 inspiciatur,
1177 3143 1286 3194 exeru-

377 3206 1285 3305 dwwmdmfflmmmffl

377 3310 436 3357 nn.
456 3309 514 3354 con
528 3312 597 3377 cap.
618 3306 665 3366 58.
683 3298 719 3368 s·
738 3296 862 3382 asna

531 3508 534 3515 '
590 3529 593 3538 '
663 3540 703 3646 n.
733 3541 931 3623 ουκεῐι1
1087 3541 1093 3548 ’

421 3744 489 3846 11.)
513 3745 807 3825 Decnunnrus
833 3748 1056 3826 Gnaeonn
1081 3738 1148 3831 IX.

382 3896 553 3974 Tandem
570 3881 682 3969 'anno
713 3916 825 3991 1230.
852 3869 995 3995 prodiit
1017 3892 1087 3972 illu
1114 3895 1280 3975 decreta·
1421 3951 1425 3977 .

295 3998 392 4078 liu-m
430 3993 625 4090 colledin,
662 4017 758 4097 quae
785 3996 947 4081 aiteram
981 4002 1151 4102 corporis
1181 3997 1279 4078 iuris

292 4100 635 4208 mancipantem
656 4096 881 4214 constituit.
908 4100 1007 4182 uam
1028 4102 1125 4184 iussu
1140 4123 1280 4219 etauc·

559 4253 563 4261 ·
1133 4226 1225 4286 tora·
