3200 5092
335 546 408 653 176
460 544 858 620 ivrrsrrrvnrerrnn
888 537 1274 636 Eccursrrsrrcrn,

731 745 771 850 §⁰
811 748 885 825 CC.

717 931 926 1047 Regulal.

349 1199 353 1208 ¹
422 1115 524 1190 Ante
550 1108 678 1190 omnia
704 1112 909 1191 tenendum
934 1104 1009 1187 hoc
1027 1108 1105 1204 est‚·
1125 1128 1167 1185 vt
1182 1103 1239 1185 ad
1251 1097 1328 1190 ior·

340 1208 501 1291 arduum
523 1215 622 1314 sane
653 1214 842 1316 negotium
875 1238 981 1292 nemo
1016 1209 1192 1306 accedat,
1225 1213 1326 1313 tufi,

219 1339 221 1344 ·
273 1387 275 1394 ,
335 1314 401 1420 qui
426 1314 476 1391 ab
502 1312 657 1416 irssoeia
697 1341 822 1394 rerum
850 1316 1075 1415 galiorum,
1114 1310 1328 1407 dedirina'e,

216 1483 218 1488 .
337 1438 375 1495 et
389 1415 589 1526 ‘ruborum
597 1418 704 1521 satir
716 1416 793 1520 fit,
818 1436 932 1517 utque
949 1418 1097 1521 copiose
1115 1415 1327 1516 instruc‘toc.

336 1525 472 1623 Neque
491 1523 617 1613 enim,
643 1519 672 1600 st
697 1523 787 1623 quid
809 1521 953 1628 gestum
975 1520 1040 1617 fit,
1067 1521 1241 1628 ignoras,
1265 1523 1328 1604 hi-

334 1625 536 1721 storicum,
572 1645 611 1704 et
640 1626 851 1705 litteralem
876 1622 1021 1703 senium
1055 1628 1236 1728 deteges:
1262 1653 1328 1708 ne-

335 1753 415 1911 pae
435 1728 592 1833 scopum
614 1729 803 1809 diiiorum
819 1728 901 1807 vila
917 1730 1068 1805 ratione
1087 1728 1328 1833 adlequerss,

350 1861 365 1909 1

217 1890 221 1898 .
285 1872 316 1937 .·
372 1886 385 1923 ,
405 1831 500 1935 quid
516 1828 700 1909 senserint
719 1830 841 1924 olim,
869 1830 961 1934 quid
975 1832 1055 1920 ius,
1074 1830 1230 1909 nefasue
1246 1832 1328 1910 lue·

293 1949 296 1956 '
337 1936 415 2026 rit,
440 1934 544 2010 haud
581 1933 772 2012 didiceris.
848 1935 949 2034 Quia
989 1933 1152 2036 denique
1184 1959 1328 2015 vocum

305 2071 308 2075 ⁸
338 2061 415 2116 non
434 2034 553 2127 soleat
568 2034 641 2113 elie
660 2036 829 2142 constans
845 2034 1093 2143 fignificatus‚
1122 2038 1220 2115 hane
1238 2064 1330 2145 quo·

339 2164 417 2241 que
433 2135 730 2218 viciffitudinem
750 2160 881 2218 teneas
899 2138 1044 2217 neceiie
1069 2138 1140 2229 est,
1164 2138 1328 2223 fiinte'r·

341 2241 463 2346 precis
480 2265 641 2321 munere
653 2241 739 2332 ,rite
756 2241 867 2347 fungi
882 2239 1077 2334 defideras,

341 2434 506 2520 Quodvt
530 2438 728 2505 commodius
762 2437 963 2525 praestetur,
989 2439 1046 2508 det
1070 2457 1205 2526 operam
1229 2440 1332 2510 inrer-

425 2536 522 2605 preS,
542 2537 582 2588 vt
607 2524 774 2611 descriptis
800 2526 988 2610 quibusdam
1014 2526 1132 2595 tabulis
1159 2519 1331 2594 chronolo-

408 2607 505 2690 ‘gieio
524 2610 695 2694 praecipua
721 2609 898 2691 scripturae
924 2611 1004 2695 gesta
1032 2622 1104 2674 ante
1129 2611 1244 2674 oculos
1270 2609 1351 2678 nbi·

343 2746 348 2761 ,
427 2703 619 2774 proponat,
650 2712 751 2775 caque
768 2695 851 2757 inter
874 2697 908 2758 se
930 2695 1123 2777 neptuscuie
1155 2707 1338 2779 comparet.

426 2774 653 2841 Doctrinarum
663 2794 792 2861 quoque
802 2776 913 2839 seriem
926 2777 982 2843 sibi
998 2776 1164 2854 conficiat,
1184 2797 1251 2863 quo
1261 2777 1331 2861 fiet,
1355 2806 1379 2822 ·’

426 2871 469 2923 vt
496 2857 560 2922 fine
586 2860 775 2923 difficultate
805 2858 981 2927 obscuriora
1017 2862 1178 2948 paulisper
1208 2863 1282 2928 loca
1309 2885 1331 2930 e

426 2943 617 3008 clarioribus
632 2945 873 3027 interpretetur.
916 2946 982 3018 Sed
1000 2962 1034 3013 et
1057 2946 1232 3016 verborum
1249 2947 1337 3029 vim,-

429 3036 554 3096 etcum
574 3028 611 3089 iis
628 3042 788 3091 connexas
807 3028 968 3110 rationeS,
994 3044 1071 3099 utut
1087 3019 1223 3093 diuersas
1240 3030 1338 3096 nolle·

428 3107 549 3179 debet,
571 3124 633 3191 qua
648 3112 734 3186 inre
752 3109 995 3192 concordantiae,
1024 3130 1102 3199 quas
1128 3125 1249 3180 vocant
1273 3113 1334 3179 tib·

430 3188 505 3255 licat
524 3189 673 3258 adiuuare
689 3192 772 3262 haud
787 3192 995 3265 mediocriter
1010 3196 1147 3287 poliunt.
1307 3204 1310 3208 '

748 3363 789 3485 §2
837 3338 927 3460 cer.
979 3447 981 3453 .

734 3567 886 3674 Regula
909 3565 971 3649 ΙΙ..

315 3740 317 3744 ·
435 3719 587 3801 Deinde
602 3720 718 3820 fiair,
744 3726 860 3825 etfco
889 3750 933 3803 ur
947 3721 1334 3825 furnorumlibrorunr

350 3842 440 3903 ante
455 3822 582 3903 oculor
592 3846 777 3931 perpetuo
795 3822 844 3908 ita
870 3824 985 3907 cadus
1003 3831 1072 3929 esi,
1101 3830 1166 3933 qui
1176 3854 1334 3931 genera·

351 3925 422 4004 tim
449 3925 499 4026 esi
524 3927 716 4032 religionis
728 3931 941 4030 scanditur,
969 3950 1006 4008 et
1032 3960 1173 4010 morum
1198 3932 1334 4033 confir·

302 4041 305 4048 ’
352 4028 502 4126 matio,
539 4057 614 4132 qua
648 4027 756 4109 danto
790 4032 845 4109 ad
871 4034 1089 4113 beatitatem
1123 4032 1332 4114 deducitur.

350 4136 440 4218 Hoc
464 4131 567 4217 enim
591 4130 667 4223 fine
694 4136 867 4244 cognito,
895 4137 1047 4221 facilius
1072 4137 1268 4321 integiiges·
1291 4162 1332 4238 ee

814 4266 817 4272 ’
1172 4261 1285 4332 chl‘il
