<?xml version="1.0" encoding="UTF-8"?>
<!DOCTYPE html PUBLIC "-//W3C//DTD XHTML 1.0 Transitional//EN"
    "http://www.w3.org/TR/xhtml1/DTD/xhtml1-transitional.dtd">
<html xmlns="http://www.w3.org/1999/xhtml" xml:lang="en" lang="en">
 <head>
  <title>
</title>
<meta http-equiv="Content-Type" content="text/html;charset=utf-8" />
  <meta name='ocr-system' content='tesseract 3.04.00' />
  <meta name='ocr-capabilities' content='ocr_page ocr_carea ocr_par ocr_line ocrx_word'/>
</head>
<body>
  <div class='ocr_page' id='page_1' title='image "./institutionumiu00canogoog_0148.png"; bbox 0 0 3200 5092; ppageno 0'>
   <div class='ocr_carea' id='block_1_1' title="bbox 640 529 1265 694">
    <p class='ocr_par' dir='ltr' id='par_1_1' title="bbox 640 529 1265 694">
     <span class='ocr_line' id='line_1_1' title="bbox 640 529 1265 694; baseline -0.002 -47"><span class='ocrx_word' id='word_1_1' title='bbox 640 529 912 649; x_wconf 65' lang='lat' dir='ltr'>PARS&#39;I.</span> <span class='ocrx_word' id='word_1_2' title='bbox 1193 601 1265 694; x_wconf 58' lang='lat'>147</span> 
     </span>
    </p>
   </div>
   <div class='ocr_carea' id='block_1_2' title="bbox 262 753 1269 1267">
    <p class='ocr_par' dir='ltr' id='par_1_2' title="bbox 262 753 1269 1267">
     <span class='ocr_line' id='line_1_2' title="bbox 262 753 1267 845; baseline 0.02 -31"><span class='ocrx_word' id='word_1_3' title='bbox 262 807 279 845; x_wconf 83' lang='lat'>·.</span> <span class='ocrx_word' id='word_1_4' title='bbox 362 761 397 825; x_wconf 78' lang='lat' dir='ltr'>fe</span> <span class='ocrx_word' id='word_1_5' title='bbox 428 758 616 824; x_wconf 85' lang='lat' dir='ltr'>societatem</span> <span class='ocrx_word' id='word_1_6' title='bbox 648 753 833 834; x_wconf 82' lang='lat' dir='ltr'>dederuut,</span> <span class='ocrx_word' id='word_1_7' title='bbox 865 760 1074 844; x_wconf 78' lang='lat' dir='ltr'><strong>religionem,</strong></span> <span class='ocrx_word' id='word_1_8' title='bbox 1110 773 1145 832; x_wconf 81' lang='lat' dir='ltr'>et</span> <span class='ocrx_word' id='word_1_9' title='bbox 1168 767 1267 836; x_wconf 83' lang='lat' dir='ltr'>fidem</span> 
     </span>
     <span class='ocr_line' id='line_1_3' title="bbox 302 840 1269 926; baseline 0.003 -20"><span class='ocrx_word' id='word_1_10' title='bbox 302 877 305 884; x_wconf 96' lang='lat'>·</span> <span class='ocrx_word' id='word_1_11' title='bbox 361 841 526 906; x_wconf 82' lang='lat' dir='ltr'>voluntati</span> <span class='ocrx_word' id='word_1_12' title='bbox 554 840 757 926; x_wconf 78' lang='lat' dir='ltr'>principum,</span> <span class='ocrx_word' id='word_1_13' title='bbox 785 859 893 923; x_wconf 87' lang='lat' dir='ltr'>neque</span> <span class='ocrx_word' id='word_1_14' title='bbox 926 843 1093 913; x_wconf 79' lang='lat' dir='ltr'>rubmifiise</span> <span class='ocrx_word' id='word_1_15' title='bbox 1117 854 1269 920; x_wconf 63' lang='lat' dir='ltr'>censendi</span> 
     </span>
     <span class='ocr_line' id='line_1_4' title="bbox 363 922 1266 1011; baseline 0.003 -20"><span class='ocrx_word' id='word_1_16' title='bbox 363 923 452 998; x_wconf 79' lang='lat' dir='ltr'>suut3</span> <span class='ocrx_word' id='word_1_17' title='bbox 475 931 582 1011; x_wconf 85' lang='lat' dir='ltr'>neque</span> <span class='ocrx_word' id='word_1_18' title='bbox 600 924 753 1002; x_wconf 86' lang='lat' dir='ltr'>etiam,s1</span> <span class='ocrx_word' id='word_1_19' title='bbox 779 922 973 1005; x_wconf 75' lang='lat' dir='ltr'>voluissent,</span> <span class='ocrx_word' id='word_1_20' title='bbox 1019 933 1188 1000; x_wconf 81' lang='lat' dir='ltr'>ubmittete</span> <span class='ocrx_word' id='word_1_21' title='bbox 1231 954 1266 998; x_wconf 85' lang='lat' dir='ltr'>o·</span> 
     </span>
     <span class='ocr_line' id='line_1_5' title="bbox 362 955 1263 1093; baseline 0.012 -19"><span class='ocrx_word' id='word_1_22' title='bbox 362 1021 510 1075; x_wconf 79' lang='lat' dir='ltr'>ruerunt:</span> <span class='ocrx_word' id='word_1_23' title='bbox 532 1027 613 1093; x_wconf 83' lang='lat' dir='ltr'>quae</span> <span class='ocrx_word' id='word_1_24' title='bbox 630 1009 712 1070; x_wconf 87' lang='lat' dir='ltr'>enim</span> <span class='ocrx_word' id='word_1_25' title='bbox 731 1007 811 1074; x_wconf 83' lang='lat' dir='ltr'>haec</span> <span class='ocrx_word' id='word_1_26' title='bbox 830 1013 1026 1078; x_wconf 77' lang='lat' dir='ltr'>renunciatio</span> <span class='ocrx_word' id='word_1_27' title='bbox 1057 1014 1102 1080; x_wconf 86' lang='lat' dir='ltr'>est</span> <span class='ocrx_word' id='word_1_28' title='bbox 1124 955 1263 1085; x_wconf 62' lang='lat' dir='ltr'>monKro</span> 
     </span>
     <span class='ocr_line' id='line_1_6' title="bbox 363 1091 1262 1177; baseline 0.012 -19"><span class='ocrx_word' id='word_1_29' title='bbox 363 1091 499 1169; x_wconf 79' lang='lat' dir='ltr'>fimitis,</span> <span class='ocrx_word' id='word_1_30' title='bbox 527 1094 662 1157; x_wconf 88' lang='lat' dir='ltr'>credere</span> <span class='ocrx_word' id='word_1_31' title='bbox 688 1108 733 1154; x_wconf 82' lang='lat' dir='ltr'>ex</span> <span class='ocrx_word' id='word_1_32' title='bbox 765 1093 974 1177; x_wconf 85' lang='lat' dir='ltr'>beneplacito</span> <span class='ocrx_word' id='word_1_33' title='bbox 1008 1100 1167 1177; x_wconf 85' lang='lat' dir='ltr'>alterius,</span> <span class='ocrx_word' id='word_1_34' title='bbox 1196 1120 1262 1168; x_wconf 88' lang='lat' dir='ltr'>nou</span> 
     </span>
     <span class='ocr_line' id='line_1_7' title="bbox 363 1176 1260 1267; baseline 0.016 -28"><span class='ocrx_word' id='word_1_35' title='bbox 363 1176 625 1258; x_wconf 86' lang='lat' dir='ltr'>quemadmodum</span> <span class='ocrx_word' id='word_1_36' title='bbox 644 1177 798 1242; x_wconf 86' lang='lat' dir='ltr'>reuelauit</span> <span class='ocrx_word' id='word_1_37' title='bbox 818 1180 932 1243; x_wconf 74' lang='lat' dir='ltr'>Densi</span> <span class='ocrx_word' id='word_1_38' title='bbox 953 1182 1064 1244; x_wconf 87' lang='lat' dir='ltr'>colere</span> <span class='ocrx_word' id='word_1_39' title='bbox 1082 1186 1260 1267; x_wconf 84' lang='lat' dir='ltr'>supremum</span> 
     </span>
    </p>
   </div>
   <div class='ocr_carea' id='block_1_3' title="bbox 361 1254 1377 1348">
    <p class='ocr_par' dir='ltr' id='par_1_3' title="bbox 361 1254 1377 1348">
     <span class='ocr_line' id='line_1_8' title="bbox 361 1254 1377 1348; baseline 0.012 -26"><span class='ocrx_word' id='word_1_40' title='bbox 361 1263 509 1337; x_wconf 79' lang='lat' dir='ltr'>brumen,</span> <span class='ocrx_word' id='word_1_41' title='bbox 541 1279 604 1325; x_wconf 91' lang='lat' dir='ltr'>non</span> <span class='ocrx_word' id='word_1_42' title='bbox 630 1254 883 1340; x_wconf 50' lang='lat' dir='ltr'>perfectionibus</span> <span class='ocrx_word' id='word_1_43' title='bbox 915 1264 982 1327; x_wconf 85' lang='lat' dir='ltr'>eius</span> <span class='ocrx_word' id='word_1_44' title='bbox 1006 1269 1258 1348; x_wconf 85' lang='lat' dir='ltr'>conuenienter,</span> <span class='ocrx_word' id='word_1_45' title='bbox 1374 1295 1377 1300; x_wconf 90' lang='lat'><em>·</em></span> 
     </span>
    </p>
   </div>
   <div class='ocr_carea' id='block_1_4' title="bbox 306 1337 1261 1599">
    <p class='ocr_par' dir='ltr' id='par_1_4' title="bbox 306 1337 1261 1599">
     <span class='ocr_line' id='line_1_9' title="bbox 362 1337 1261 1430; baseline 0.009 -22"><span class='ocrx_word' id='word_1_46' title='bbox 362 1345 410 1408; x_wconf 85' lang='lat' dir='ltr'>sed</span> <span class='ocrx_word' id='word_1_47' title='bbox 427 1359 467 1409; x_wconf 85' lang='lat' dir='ltr'>vt</span> <span class='ocrx_word' id='word_1_48' title='bbox 486 1347 588 1410; x_wconf 84' lang='lat' dir='ltr'>viibm</span> <span class='ocrx_word' id='word_1_49' title='bbox 607 1337 704 1405; x_wconf 87' lang='lat' dir='ltr'>fuerit</span> <span class='ocrx_word' id='word_1_50' title='bbox 719 1344 765 1414; x_wconf 86' lang='lat' dir='ltr'>ei,</span> <span class='ocrx_word' id='word_1_51' title='bbox 792 1346 847 1428; x_wconf 89' lang='lat' dir='ltr'>qui</span> <span class='ocrx_word' id='word_1_52' title='bbox 864 1345 1031 1430; x_wconf 89' lang='lat' dir='ltr'>imperium</span> <span class='ocrx_word' id='word_1_53' title='bbox 1052 1363 1152 1416; x_wconf 86' lang='lat' dir='ltr'>terret·</span> <span class='ocrx_word' id='word_1_54' title='bbox 1197 1355 1261 1416; x_wconf 88' lang='lat' dir='ltr'>Te·</span> 
     </span>
     <span class='ocr_line' id='line_1_10' title="bbox 306 1425 1261 1516; baseline 0.013 -26"><span class='ocrx_word' id='word_1_55' title='bbox 306 1451 308 1458; x_wconf 95' lang='lat'>·</span> <span class='ocrx_word' id='word_1_56' title='bbox 362 1443 487 1492; x_wconf 66' lang='lat' dir='ltr'>numus</span> <span class='ocrx_word' id='word_1_57' title='bbox 505 1433 598 1510; x_wconf 81' lang='lat' dir='ltr'>igitur</span> <span class='ocrx_word' id='word_1_58' title='bbox 614 1425 745 1488; x_wconf 86' lang='lat' dir='ltr'>liberam</span> <span class='ocrx_word' id='word_1_59' title='bbox 765 1430 828 1493; x_wconf 81' lang='lat' dir='ltr'>ibis</span> <span class='ocrx_word' id='word_1_60' title='bbox 844 1428 877 1490; x_wconf 92' lang='lat' dir='ltr'>in</span> <span class='ocrx_word' id='word_1_61' title='bbox 890 1431 1027 1516; x_wconf 82' lang='lat' dir='ltr'>negotiis</span> <span class='ocrx_word' id='word_1_62' title='bbox 1045 1433 1261 1502; x_wconf 79' lang='lat' dir='ltr'>ecclessaiiicis</span> 
     </span>
     <span class='ocr_line' id='line_1_11' title="bbox 362 1506 1002 1599; baseline 0.002 -25"><span class='ocrx_word' id='word_1_63' title='bbox 362 1511 399 1574; x_wconf 81' lang='lat' dir='ltr'>ab</span> <span class='ocrx_word' id='word_1_64' title='bbox 414 1513 553 1599; x_wconf 84' lang='lat' dir='ltr'>imperio</span> <span class='ocrx_word' id='word_1_65' title='bbox 573 1509 661 1576; x_wconf 90' lang='lat' dir='ltr'>ciuili</span> <span class='ocrx_word' id='word_1_66' title='bbox 676 1506 739 1572; x_wconf 82' lang='lat' dir='ltr'>eise</span> <span class='ocrx_word' id='word_1_67' title='bbox 757 1510 932 1577; x_wconf 77' lang='lat' dir='ltr'>ecclesiam.</span> <span class='ocrx_word' id='word_1_68' title='bbox 998 1527 1002 1538; x_wconf 91' lang='lat'>·</span> 
     </span>
    </p>
   </div>
   <div class='ocr_carea' id='block_1_5' title="bbox 663 1692 894 1797">
    <p class='ocr_par' dir='ltr' id='par_1_5' title="bbox 663 1692 894 1797">
     <span class='ocr_line' id='line_1_12' title="bbox 663 1692 894 1797; baseline -0.013 -25"><span class='ocrx_word' id='word_1_69' title='bbox 663 1692 702 1797; x_wconf 68' lang='lat' dir='ltr'>t.</span> <span class='ocrx_word' id='word_1_70' title='bbox 746 1696 894 1774; x_wconf 76' lang='lat' dir='ltr'>ccxx.</span> 
     </span>
    </p>
   </div>
   <div class='ocr_carea' id='block_1_6' title="bbox 303 1869 1259 2086">
    <p class='ocr_par' dir='ltr' id='par_1_6' title="bbox 303 1869 1259 2086">
     <span class='ocr_line' id='line_1_13' title="bbox 303 1869 1259 2086; baseline 0.01 -131"><span class='ocrx_word' id='word_1_71' title='bbox 303 1869 481 1986; x_wconf 63' lang='lat' dir='ltr'>Inrpmium</span> <span class='ocrx_word' id='word_1_72' title='bbox 516 1879 622 1962; x_wconf 87' lang='lat' dir='ltr'>ciuile</span> <span class='ocrx_word' id='word_1_73' title='bbox 655 1879 800 2086; x_wconf 64' lang='lat' dir='ltr'>aursibur</span> <span class='ocrx_word' id='word_1_74' title='bbox 832 1878 998 1981; x_wconf 84' lang='lat' dir='ltr'>eeclefiae</span> <span class='ocrx_word' id='word_1_75' title='bbox 1028 1907 1105 1962; x_wconf 85' lang='lat' dir='ltr'>non</span> <span class='ocrx_word' id='word_1_76' title='bbox 1129 1882 1259 1965; x_wconf 81' lang='lat' dir='ltr'>aduer-</span> 
     </span>
     <span class='ocr_line' id='line_1_14' title="bbox 724 2004 824 2060; baseline 0 -1"><span class='ocrx_word' id='word_1_77' title='bbox 724 2004 824 2060; x_wconf 86' lang='lat' dir='ltr'>atur.</span> 
     </span>
    </p>
   </div>
   <div class='ocr_carea' id='block_1_7' title="bbox 285 2126 1341 2646">
    <p class='ocr_par' dir='ltr' id='par_1_7' title="bbox 285 2126 1341 2646">
     <span class='ocr_line' id='line_1_15' title="bbox 371 2126 1253 2234; baseline 0.003 -27"><span class='ocrx_word' id='word_1_78' title='bbox 371 2127 427 2207; x_wconf 86' lang='lat' dir='ltr'>Ex</span> <span class='ocrx_word' id='word_1_79' title='bbox 445 2154 522 2234; x_wconf 91' lang='lat' dir='ltr'>quo</span> <span class='ocrx_word' id='word_1_80' title='bbox 540 2128 768 2230; x_wconf 78' lang='lat' dir='ltr'>consequens</span> <span class='ocrx_word' id='word_1_81' title='bbox 786 2126 859 2220; x_wconf 89' lang='lat' dir='ltr'>est,</span> <span class='ocrx_word' id='word_1_82' title='bbox 875 2148 920 2207; x_wconf 85' lang='lat' dir='ltr'>vt</span> <span class='ocrx_word' id='word_1_83' title='bbox 936 2129 1253 2230; x_wconf 84' lang='lat' dir='ltr'>quemadmodum</span> 
     </span>
     <span class='ocr_line' id='line_1_16' title="bbox 300 2225 1254 2336; baseline 0.009 -32"><span class='ocrx_word' id='word_1_84' title='bbox 300 2225 391 2332; x_wconf 70' lang='lat' dir='ltr'>supra</span> <span class='ocrx_word' id='word_1_85' title='bbox 414 2233 631 2336; x_wconf 76' lang='lat' dir='ltr'>docuimus,</span> <span class='ocrx_word' id='word_1_86' title='bbox 668 2228 862 2311; x_wconf 66' lang='lat' dir='ltr'>ecclesiam</span> <span class='ocrx_word' id='word_1_87' title='bbox 886 2234 933 2307; x_wconf 89' lang='lat' dir='ltr'>de</span> <span class='ocrx_word' id='word_1_88' title='bbox 963 2233 1112 2308; x_wconf 85' lang='lat' dir='ltr'>iuribus</span> <span class='ocrx_word' id='word_1_89' title='bbox 1136 2235 1254 2313; x_wconf 87' lang='lat' dir='ltr'>maie·</span> 
     </span>
     <span class='ocr_line' id='line_1_17' title="bbox 285 2325 1251 2511; baseline -0.002 -101"><span class='ocrx_word' id='word_1_90' title='bbox 285 2325 386 2511; x_wconf 49' lang='lat' dir='ltr'>¹grin</span> <span class='ocrx_word' id='word_1_91' title='bbox 408 2336 535 2412; x_wconf 88' lang='lat' dir='ltr'>ciuilis</span> <span class='ocrx_word' id='word_1_92' title='bbox 563 2334 664 2411; x_wconf 85' lang='lat' dir='ltr'>nihil</span> <span class='ocrx_word' id='word_1_93' title='bbox 685 2334 906 2424; x_wconf 82' lang='lat' dir='ltr'>detrahere,</span> <span class='ocrx_word' id='word_1_94' title='bbox 932 2331 988 2410; x_wconf 83' lang='lat' dir='ltr'>ita</span> <span class='ocrx_word' id='word_1_95' title='bbox 1016 2361 1115 2413; x_wconf 90' lang='lat' dir='ltr'>nunc</span> <span class='ocrx_word' id='word_1_96' title='bbox 1140 2335 1251 2416; x_wconf 75' lang='lat' dir='ltr'>vicis.</span> 
     </span>
     <span class='ocr_line' id='line_1_18' title="bbox 295 2431 1341 2540; baseline 0.011 -28"><span class='ocrx_word' id='word_1_97' title='bbox 295 2445 297 2450; x_wconf 85' lang='lat'>&#39;</span> <span class='ocrx_word' id='word_1_98' title='bbox 364 2436 563 2540; x_wconf 85' lang='lat' dir='ltr'>imperium</span> <span class='ocrx_word' id='word_1_99' title='bbox 579 2437 694 2513; x_wconf 57' lang='lat' dir='ltr'>ciuile</span> <span class='ocrx_word' id='word_1_100' title='bbox 712 2436 861 2516; x_wconf 89' lang='lat' dir='ltr'>iuribus</span> <span class='ocrx_word' id='word_1_101' title='bbox 879 2431 1057 2518; x_wconf 74' lang='lat' dir='ltr'>ecclesiae</span> <span class='ocrx_word' id='word_1_102' title='bbox 1076 2439 1252 2518; x_wconf 70' lang='lat' dir='ltr'>aduersa·</span> <span class='ocrx_word' id='word_1_103' title='bbox 1340 2520 1341 2524; x_wconf 74' lang='grc'>,</span> 
     </span>
     <span class='ocr_line' id='line_1_19' title="bbox 293 2534 735 2646; baseline 0.014 -36"><span class='ocrx_word' id='word_1_104' title='bbox 293 2534 403 2618; x_wconf 84' lang='lat' dir='ltr'>riuon</span> <span class='ocrx_word' id='word_1_105' title='bbox 418 2538 518 2646; x_wconf 81' lang='lat' dir='ltr'>poffe</span> <span class='ocrx_word' id='word_1_106' title='bbox 537 2538 735 2616; x_wconf 87' lang='lat' dir='ltr'>fateamur.</span> 
     </span>
    </p>
   </div>
   <div class='ocr_carea' id='block_1_8' title="bbox 280 2677 1248 2851">
    <p class='ocr_par' dir='ltr' id='par_1_8' title="bbox 280 2677 1248 2851">
     <span class='ocr_line' id='line_1_20' title="bbox 280 2677 1248 2768; baseline 0.002 -20"><span class='ocrx_word' id='word_1_107' title='bbox 280 2677 398 2765; x_wconf 67' lang='lat' dir='ltr'>arene</span> <span class='ocrx_word' id='word_1_108' title='bbox 422 2687 560 2768; x_wconf 84' lang='lat' dir='ltr'>pretium</span> <span class='ocrx_word' id='word_1_109' title='bbox 591 2680 685 2747; x_wconf 79' lang='lat' dir='ltr'>fuerit</span> <span class='ocrx_word' id='word_1_110' title='bbox 725 2680 890 2748; x_wconf 81' lang='lat' dir='ltr'>veritatem</span> <span class='ocrx_word' id='word_1_111' title='bbox 925 2677 1004 2746; x_wconf 82' lang='lat' dir='ltr'>banc</span> <span class='ocrx_word' id='word_1_112' title='bbox 1037 2695 1097 2764; x_wconf 88' lang='lat' dir='ltr'>per</span> <span class='ocrx_word' id='word_1_113' title='bbox 1130 2684 1248 2750; x_wconf 83' lang='lat' dir='ltr'>iirmma</span> 
     </span>
     <span class='ocr_line' id='line_1_21' title="bbox 355 2763 1248 2851; baseline 0.001 -20"><span class='ocrx_word' id='word_1_114' title='bbox 355 2770 505 2851; x_wconf 86' lang='lat' dir='ltr'>quaedam</span> <span class='ocrx_word' id='word_1_115' title='bbox 529 2770 633 2849; x_wconf 82' lang='lat' dir='ltr'>capita</span> <span class='ocrx_word' id='word_1_116' title='bbox 659 2763 824 2831; x_wconf 81' lang='lat' dir='ltr'>illustrare.</span> <span class='ocrx_word' id='word_1_117' title='bbox 876 2764 1086 2844; x_wconf 82' lang='lat' dir='ltr'>Reipublicae</span> <span class='ocrx_word' id='word_1_118' title='bbox 1111 2782 1178 2830; x_wconf 92' lang='lat' dir='ltr'>non</span> <span class='ocrx_word' id='word_1_119' title='bbox 1203 2767 1248 2832; x_wconf 85' lang='lat' dir='ltr'>est</span> 
     </span>
    </p>
   </div>
   <div class='ocr_carea' id='block_1_9' title="bbox 240 2848 1351 2936">
    <p class='ocr_par' dir='ltr' id='par_1_9' title="bbox 240 2848 1351 2936">
     <span class='ocr_line' id='line_1_22' title="bbox 240 2848 1351 2936; baseline 0.002 -22"><span class='ocrx_word' id='word_1_120' title='bbox 240 2913 244 2921; x_wconf 80' lang='grc'><em>,</em></span> <span class='ocrx_word' id='word_1_121' title='bbox 353 2861 436 2917; x_wconf 85' lang='lat' dir='ltr'>tanta</span> <span class='ocrx_word' id='word_1_122' title='bbox 457 2852 611 2936; x_wconf 73' lang='lat' dir='ltr'>potestas,</span> <span class='ocrx_word' id='word_1_123' title='bbox 638 2870 668 2911; x_wconf 82' lang='lat' dir='ltr'>vr</span> <span class='ocrx_word' id='word_1_124' title='bbox 681 2848 831 2936; x_wconf 75' lang='lat' dir='ltr'>prodidere</span> <span class='ocrx_word' id='word_1_125' title='bbox 850 2852 977 2924; x_wconf 83' lang='lat' dir='ltr'>valeat,</span> <span class='ocrx_word' id='word_1_126' title='bbox 1000 2865 1040 2911; x_wconf 92' lang='lat' dir='ltr'>ne</span> <span class='ocrx_word' id='word_1_127' title='bbox 1067 2850 1155 2913; x_wconf 88' lang='lat' dir='ltr'>ciues</span> <span class='ocrx_word' id='word_1_128' title='bbox 1174 2869 1248 2916; x_wconf 88' lang='lat' dir='ltr'>eum</span> <span class='ocrx_word' id='word_1_129' title='bbox 1311 2892 1351 2910; x_wconf 92' lang='lat'>.-</span> 
     </span>
    </p>
   </div>
   <div class='ocr_carea' id='block_1_10' title="bbox 265 2929 1296 4089">
    <p class='ocr_par' dir='ltr' id='par_1_10' title="bbox 265 2929 1296 4089">
     <span class='ocr_line' id='line_1_23' title="bbox 342 2929 1246 3020; baseline -0.002 -22"><span class='ocrx_word' id='word_1_130' title='bbox 342 2938 519 3000; x_wconf 83' lang='lat' dir='ltr'>-celeb&#39;rent</span> <span class='ocrx_word' id='word_1_131' title='bbox 542 2937 661 3010; x_wconf 78' lang='lat' dir='ltr'>cultum,</span> <span class='ocrx_word' id='word_1_132' title='bbox 689 2955 766 3017; x_wconf 81' lang='lat' dir='ltr'>quem</span> <span class='ocrx_word' id='word_1_133' title='bbox 789 2948 918 2997; x_wconf 83' lang='lat' dir='ltr'>aeternae</span> <span class='ocrx_word' id='word_1_134' title='bbox 927 2929 1034 3011; x_wconf 77' lang='lat' dir='ltr'>salutis</span> <span class='ocrx_word' id='word_1_135' title='bbox 1057 2932 1139 3014; x_wconf 82' lang='lat' dir='ltr'>causa</span> <span class='ocrx_word' id='word_1_136' title='bbox 1160 2955 1246 3020; x_wconf 64' lang='lat' dir='ltr'>pree</span> 
     </span>
     <span class='ocr_line' id='line_1_24' title="bbox 343 3015 1296 3102; baseline 0.003 -22"><span class='ocrx_word' id='word_1_137' title='bbox 343 3015 467 3100; x_wconf 78' lang='lat' dir='ltr'>standum</span> <span class='ocrx_word' id='word_1_138' title='bbox 485 3019 535 3100; x_wconf 71' lang='lat' dir='ltr'>effi</span> <span class='ocrx_word' id='word_1_139' title='bbox 554 3015 793 3101; x_wconf 82' lang='lat' dir='ltr'>Deuspraecipr‘r.</span> <span class='ocrx_word' id='word_1_140' title='bbox 837 3019 957 3099; x_wconf 82' lang='lat' dir='ltr'>Neque</span> <span class='ocrx_word' id='word_1_141' title='bbox 976 3035 1060 3080; x_wconf 83' lang='lat' dir='ltr'>vero</span> <span class='ocrx_word' id='word_1_142' title='bbox 1078 3015 1248 3102; x_wconf 70' lang='lat' dir='ltr'>hoc-quid⁴</span> <span class='ocrx_word' id='word_1_143' title='bbox 1292 3085 1296 3090; x_wconf 74' lang='grc'><strong>,</strong></span> 
     </span>
     <span class='ocr_line' id='line_1_25' title="bbox 265 3099 1246 3195; baseline -0.003 -29"><span class='ocrx_word' id='word_1_144' title='bbox 265 3103 267 3108; x_wconf 81' lang='grc'><strong>’</strong></span> <span class='ocrx_word' id='word_1_145' title='bbox 353 3122 445 3185; x_wconf 85' lang='lat' dir='ltr'>quam</span> <span class='ocrx_word' id='word_1_146' title='bbox 470 3101 590 3165; x_wconf 88' lang='lat' dir='ltr'>iuribus</span> <span class='ocrx_word' id='word_1_147' title='bbox 618 3102 813 3195; x_wconf 78' lang='lat' dir='ltr'>reipublicae</span> <span class='ocrx_word' id='word_1_148' title='bbox 844 3099 987 3182; x_wconf 82' lang='lat' dir='ltr'>derogat.</span> <span class='ocrx_word' id='word_1_149' title='bbox 1045 3099 1121 3164; x_wconf 85' lang='lat' dir='ltr'>Norr</span> <span class='ocrx_word' id='word_1_150' title='bbox 1154 3099 1246 3186; x_wconf 72' lang='lat' dir='ltr'>potest</span> 
     </span>
     <span class='ocr_line' id='line_1_26' title="bbox 349 3180 1240 3268; baseline -0.004 -17"><span class='ocrx_word' id='word_1_151' title='bbox 349 3187 436 3251; x_wconf 80' lang='lat' dir='ltr'>verita</span> <span class='ocrx_word' id='word_1_152' title='bbox 453 3205 471 3246; x_wconf 84' lang='lat' dir='ltr'>n</span> <span class='ocrx_word' id='word_1_153' title='bbox 487 3184 553 3249; x_wconf 89' lang='lat' dir='ltr'>Deo</span> <span class='ocrx_word' id='word_1_154' title='bbox 571 3183 682 3259; x_wconf 75' lang='lat' dir='ltr'>iniere,</span> <span class='ocrx_word' id='word_1_155' title='bbox 702 3180 854 3268; x_wconf 77' lang='lat' dir='ltr'>probibere</span> <span class='ocrx_word' id='word_1_156' title='bbox 869 3199 1027 3268; x_wconf 74' lang='lat' dir='ltr'>praecepta</span> <span class='ocrx_word' id='word_1_157' title='bbox 1075 3183 1161 3250; x_wconf 80' lang='lat' dir='ltr'>Hinc</span> <span class='ocrx_word' id='word_1_158' title='bbox 1180 3181 1240 3260; x_wconf 79' lang='lat' dir='ltr'>est,</span> 
     </span>
     <span class='ocr_line' id='line_1_27' title="bbox 348 3267 1241 3368; baseline -0.004 -33"><span class='ocrx_word' id='word_1_159' title='bbox 348 3267 582 3368; x_wconf 61' lang='lat' dir='ltr'>quodapostoli</span> <span class='ocrx_word' id='word_1_160' title='bbox 600 3270 686 3367; x_wconf 80' lang='lat' dir='ltr'>nulia</span> <span class='ocrx_word' id='word_1_161' title='bbox 709 3268 815 3332; x_wconf 85' lang='lat' dir='ltr'>habita</span> <span class='ocrx_word' id='word_1_162' title='bbox 831 3267 1086 3364; x_wconf 86' lang='lat' dir='ltr'>prohibitionum</span> <span class='ocrx_word' id='word_1_163' title='bbox 1106 3271 1241 3344; x_wconf 86' lang='lat' dir='ltr'>ratione,</span> 
     </span>
     <span class='ocr_line' id='line_1_28' title="bbox 347 3349 1244 3519; baseline -0.006 -17"><span class='ocrx_word' id='word_1_164' title='bbox 347 3349 1244 3519; x_wconf 49' lang='lat' dir='ltr'>dirriiirfiriziiiiirrriiiaraiiiiir</span> 
     </span>
     <span class='ocr_line' id='line_1_29' title="bbox 348 3511 1283 3603; baseline -0.005 -19"><span class='ocrx_word' id='word_1_165' title='bbox 348 3534 580 3588; x_wconf 71' lang='lat' dir='ltr'>crementorum</span> <span class='ocrx_word' id='word_1_166' title='bbox 598 3518 766 3603; x_wconf 78' lang='lat' dir='ltr'>praestatio</span> <span class='ocrx_word' id='word_1_167' title='bbox 781 3518 916 3583; x_wconf 86' lang='lat' dir='ltr'>inhiberi</span> <span class='ocrx_word' id='word_1_168' title='bbox 940 3534 1004 3578; x_wconf 90' lang='lat' dir='ltr'>uon</span> <span class='ocrx_word' id='word_1_169' title='bbox 1023 3511 1168 3601; x_wconf 77' lang='lat' dir='ltr'>possunt,</span> <span class='ocrx_word' id='word_1_170' title='bbox 1188 3534 1245 3580; x_wconf 90' lang='lat' dir='ltr'>ve·</span> <span class='ocrx_word' id='word_1_171' title='bbox 1281 3537 1283 3542; x_wconf 94' lang='lat'>·</span> 
     </span>
     <span class='ocr_line' id='line_1_30' title="bbox 347 3601 1244 3688; baseline -0.004 -19"><span class='ocrx_word' id='word_1_172' title='bbox 347 3604 406 3669; x_wconf 82' lang='lat' dir='ltr'>luti</span> <span class='ocrx_word' id='word_1_173' title='bbox 443 3605 546 3669; x_wconf 85' lang='lat' dir='ltr'>media</span> <span class='ocrx_word' id='word_1_174' title='bbox 577 3603 795 3688; x_wconf 80' lang='lat' dir='ltr'>procurandae</span> <span class='ocrx_word' id='word_1_175' title='bbox 818 3603 925 3667; x_wconf 82' lang='lat' dir='ltr'>salutis</span> <span class='ocrx_word' id='word_1_176' title='bbox 952 3610 1099 3665; x_wconf 78' lang='lat' dir='ltr'>aeternae</span> <span class='ocrx_word' id='word_1_177' title='bbox 1126 3617 1144 3664; x_wconf 88' lang='lat' dir='ltr'>a</span> <span class='ocrx_word' id='word_1_178' title='bbox 1170 3601 1244 3665; x_wconf 89' lang='lat' dir='ltr'>Deo</span> 
     </span>
     <span class='ocr_line' id='line_1_31' title="bbox 346 3680 1286 3765; baseline -0.01 -11"><span class='ocrx_word' id='word_1_179' title='bbox 346 3688 493 3754; x_wconf 83' lang='lat' dir='ltr'>instituta.</span> <span class='ocrx_word' id='word_1_180' title='bbox 538 3688 634 3764; x_wconf 85' lang='lat' dir='ltr'>Quod</span> <span class='ocrx_word' id='word_1_181' title='bbox 655 3687 696 3750; x_wconf 89' lang='lat' dir='ltr'>de</span> <span class='ocrx_word' id='word_1_182' title='bbox 718 3684 819 3748; x_wconf 78' lang='lat' dir='ltr'>mediis</span> <span class='ocrx_word' id='word_1_183' title='bbox 836 3686 993 3758; x_wconf 79' lang='lat' dir='ltr'>diximus,</span> <span class='ocrx_word' id='word_1_184' title='bbox 1013 3685 1097 3750; x_wconf 83' lang='lat' dir='ltr'>idem</span> <span class='ocrx_word' id='word_1_185' title='bbox 1121 3680 1246 3765; x_wconf 79' lang='lat' dir='ltr'>defor-</span> <span class='ocrx_word' id='word_1_186' title='bbox 1284 3698 1286 3702; x_wconf 83' lang='grc'><em>·</em></span> 
     </span>
     <span class='ocr_line' id='line_1_32' title="bbox 346 3765 1244 3916; baseline -0.011 -78"><span class='ocrx_word' id='word_1_187' title='bbox 346 3788 396 3870; x_wconf 79' lang='lat' dir='ltr'>ma</span> <span class='ocrx_word' id='word_1_188' title='bbox 412 3792 543 3858; x_wconf 87' lang='lat' dir='ltr'>quoque</span> <span class='ocrx_word' id='word_1_189' title='bbox 558 3768 799 3867; x_wconf 79' lang='lat' dir='ltr'>intelligendum</span> <span class='ocrx_word' id='word_1_190' title='bbox 808 3766 877 3916; x_wconf 64' lang='lat' dir='ltr'>berh</span> <span class='ocrx_word' id='word_1_191' title='bbox 892 3766 1068 3916; x_wconf 52' lang='lat' dir='ltr'>t{acontium</span> <span class='ocrx_word' id='word_1_192' title='bbox 1087 3783 1200 3912; x_wconf 66' lang='lat' dir='ltr'>quarlrr,</span> <span class='ocrx_word' id='word_1_193' title='bbox 1217 3765 1244 3912; x_wconf 78' lang='lat' dir='ltr'>tsi</span> 
     </span>
     <span class='ocr_line' id='line_1_33' title="bbox 346 3855 1243 4030; baseline -0.013 -26"><span class='ocrx_word' id='word_1_194' title='bbox 346 3855 551 4016; x_wconf 55' lang='lat' dir='ltr'>&amp;iiiiii</span> <span class='ocrx_word' id='word_1_195' title='bbox 560 3867 1140 4030; x_wconf 56' lang='lat' dir='ltr'>rrririirrririniffiirirrr</span> <span class='ocrx_word' id='word_1_196' title='bbox 1141 3868 1150 3912; x_wconf 91' lang='lat'>¹</span> <span class='ocrx_word' id='word_1_197' title='bbox 1166 3865 1243 4028; x_wconf 66' lang='lat' dir='ltr'>&#39;iii</span> 
     </span>
     <span class='ocr_line' id='line_1_34' title="bbox 344 4010 1246 4089; baseline -0.012 -2"><span class='ocrx_word' id='word_1_198' title='bbox 344 4026 469 4089; x_wconf 82' lang='lat' dir='ltr'>ratione</span> <span class='ocrx_word' id='word_1_199' title='bbox 487 4021 567 4089; x_wconf 93' lang='lat' dir='ltr'>ordo</span> <span class='ocrx_word' id='word_1_200' title='bbox 586 4022 792 4086; x_wconf 83' lang='lat' dir='ltr'>ministrorum</span> <span class='ocrx_word' id='word_1_201' title='bbox 817 4021 972 4084; x_wconf 80' lang='lat' dir='ltr'>ecciesrae</span> <span class='ocrx_word' id='word_1_202' title='bbox 991 4037 1010 4081; x_wconf 86' lang='lat' dir='ltr'>a</span> <span class='ocrx_word' id='word_1_203' title='bbox 1032 4021 1106 4082; x_wconf 85' lang='lat' dir='ltr'>Dee</span> <span class='ocrx_word' id='word_1_204' title='bbox 1130 4010 1246 4077; x_wconf 85' lang='lat' dir='ltr'>rnsbtu·</span> 
     </span>
    </p>
   </div>
   <div class='ocr_carea' id='block_1_11' title="bbox 345 4095 1369 4193">
    <p class='ocr_par' dir='ltr' id='par_1_11' title="bbox 345 4095 1369 4193">
     <span class='ocr_line' id='line_1_35' title="bbox 345 4095 1369 4193; baseline -0.012 -23"><span class='ocrx_word' id='word_1_205' title='bbox 345 4117 397 4171; x_wconf 83' lang='lat' dir='ltr'>tus</span> <span class='ocrx_word' id='word_1_206' title='bbox 422 4119 530 4193; x_wconf 83' lang='lat' dir='ltr'>partes</span> <span class='ocrx_word' id='word_1_207' title='bbox 552 4108 650 4171; x_wconf 90' lang='lat' dir='ltr'>officii</span> <span class='ocrx_word' id='word_1_208' title='bbox 674 4106 773 4170; x_wconf 91' lang='lat' dir='ltr'>diuini</span> <span class='ocrx_word' id='word_1_209' title='bbox 789 4104 951 4189; x_wconf 83' lang='lat' dir='ltr'>fingulisa</span> <span class='ocrx_word' id='word_1_210' title='bbox 976 4105 1049 4168; x_wconf 89' lang='lat' dir='ltr'>Deo</span> <span class='ocrx_word' id='word_1_211' title='bbox 1069 4095 1246 4181; x_wconf 76' lang='lat' dir='ltr'>adsignatae</span> <span class='ocrx_word' id='word_1_212' title='bbox 1362 4129 1369 4144; x_wconf 38' lang='lat'>*-</span> 
     </span>
    </p>
   </div>
   <div class='ocr_carea' id='block_1_12' title="bbox 345 4181 1247 4351">
    <p class='ocr_par' dir='ltr' id='par_1_12' title="bbox 345 4181 1247 4351">
     <span class='ocr_line' id='line_1_36' title="bbox 345 4181 1247 4351; baseline -0.012 -95"><span class='ocrx_word' id='word_1_213' title='bbox 345 4191 482 4277; x_wconf 84' lang='lat' dir='ltr'>imperio</span> <span class='ocrx_word' id='word_1_214' title='bbox 499 4192 634 4262; x_wconf 83' lang='lat' dir='ltr'>humano</span> <span class='ocrx_word' id='word_1_215' title='bbox 656 4204 805 4351; x_wconf 50' lang='lat' dir='ltr'>exfimtae</span> <span class='ocrx_word' id='word_1_216' title='bbox 827 4194 917 4262; x_wconf 83' lang='lat' dir='ltr'>suut,</span> <span class='ocrx_word' id='word_1_217' title='bbox 945 4203 1008 4252; x_wconf 85' lang='lat' dir='ltr'>nec</span> <span class='ocrx_word' id='word_1_218' title='bbox 1034 4203 1053 4250; x_wconf 85' lang='lat' dir='ltr'>a</span> <span class='ocrx_word' id='word_1_219' title='bbox 1075 4181 1247 4339; x_wconf 45' lang='lat' dir='ltr'>maugina</span> 
     </span>
     <span class='ocr_line' id='line_1_37' title="bbox 756 4292 1196 4350; baseline -0.007 -7"><span class='ocrx_word' id='word_1_220' title='bbox 756 4301 777 4350; x_wconf 78' lang='lat'><em>2</em></span> <span class='ocrx_word' id='word_1_221' title='bbox 1139 4292 1160 4338; x_wconf 90' lang='lat' dir='ltr'>o</span> <span class='ocrx_word' id='word_1_222' title='bbox 1185 4293 1196 4340; x_wconf 91' lang='lat' dir='ltr'>r</span> 
     </span>
    </p>
   </div>
   <div class='ocr_carea' id='block_1_13' title="bbox 0 0 1604 5092">
    <p class='ocr_par' dir='ltr' id='par_1_13' title="bbox 0 0 1604 5092">
     <span class='ocr_line' id='line_1_38' title="bbox 0 0 1604 5092; baseline 0 7"><span class='ocrx_word' id='word_1_223' title='bbox 0 0 1604 5092; x_wconf 95' lang='lat' dir='ltr'> </span> 
     </span>
    </p>
   </div>
  </div>
 </body>
</html>
