3200 5092
185 379 190 394 “
270 449 273 455 ι
304 419 382 499 216
411 418 806 503 1vn1ernvnnnrrnrt
832 410 1202 524 Ecctnslnsnrcnn,

384 599 602 671 ecclesiasticis
619 599 858 687 adceprionem‚
881 601 1008 684 veluti,
1031 624 1127 690 quum
1148 610 1324 699 idemfig·

385 689 515 763 nificat,
545 702 582 748 ac
608 684 784 765 consentire,
816 699 872 774 attt
905 705 963 763 ea,
993 708 1075 774 quae
1113 696 1321 771 dicuntur,

384 775 513 838 concilii
538 769 668 834 decreta
687 773 747 832 rite
774 767 865 833 tuille
888 773 1227 858 connita-declarare,
1255 794 1325 849 ac

382 858 535 1002 fidelilssts
552 854 691 919 indicare
716 854 768 926 ie,
788 852 877 939 quod
901 857 961 920 iarn
985 857 1027 922 ab
1049 862 1118 927 aliis
1145 866 1327 936 obserua-

379 956 520 1007 tume·
583 951 585 957 '
1109 965 1120 974 ·
1255 946 1280 1019 ,²

407 1157 409 1159 ,
516 1070 518 1074 ’
619 1088 657 1195 ς.
717 1090 997 1167 οοκινιημ

225 1320 231 1338 ·
297 1283 467 1367 Decreta
506 1284 748 1365 conciliorum
777 1280 1007 1387 generalium
1036 1282 1109 1363 rite
1132 1288 1317 1371 condiret

402 1386 684 1495 confirmatione
696 1385 895 1495 pontificia
910 1416 984 1465 non
1002 1385 1185 1493 indigent.

387 1547 501 1651 Quod
515 1542 544 1621 fi
558 1546 614 1624 ita
635 1543 724 1649 est,¹
744 1541 840 1619 mihi
873 1542 1023 1643 quidem
1048 1541 1139 1623 acia·
1161 1544 1288 1629 conci·

298 1647 440 1727 liorum
461 1668 611 1740 vetera,
638 1667 752 1749 atque
771 1646 986 1727 recentiora
1005 1648 1183 1752 diligenti
1201 1670 1288 1759 'ope

297 1776 343 1829 ra
368 1750 606 1854 perlustranti
632 1754 679 1826 de
698 1770 778 1827 toto
803 1750 878 1828 hoc
907 1745 1206 1831 confirmationis
1222 1780 1285 1833 ne·

262 1910 266 1917 -
296 1856 406 1957 gotio
427 1853 483 1931 ita
505 1850 739 1953 statuendum
757 1849 936 1944 videtur,
963 1873 1003 1930 vt
1030 1852 1284 1935 confirmatio·

296 1956 357 2032 nis
378 1944 641 2034 huiuscemodi
658 1952 913 2042 neceffitatem
935 1954 1052 2034 exiis
1069 1984 1144 2036 non
1167 1961 1285 2039 modo

297 2083 377 2136 non
402 2056 666 2157 demonstrari,
705 2070 751 2139 vt
777 2056 903 2152 aiunt,
938 2052 1003 2135 sed
1028 2085 1075 2137 ne
1096 2058 1186 2150 satis
1202 2061 1288 2168 qui·

298 2161 384 2257 dem
405 2160 516 2239 firma
534 2159 750 2257 conieitura
774 2157 912 2240 confici
929 2158 1028 2250 posse
1050 2165 1286 2266 existimem,

293 2259 365 2339 nili
390 2263 489 2342 forte
507 2289 550 2340 ea
579 2266 707 2342 demas
725 2263 975 2344 conciliorum
1004 2270 1177 2361 decreta,
1206 2266 1288 2370 qui·

295 2364 367 2443 bus
380 2362 624 2448 conficiendis
642 2388 709 2446 aut
732 2364 1008 2447 intercesserint
1041 2370 1160 2473 legati
1192 2373 1304 2475 pon·¹

298 2463 470 2566 tificum,
496 2492 563 2551 aut
588 2471 741 2552 omnino
772 2470 856 2551 eius
880 2469 1035 2550 nomine
1060 2471 1285 2558 interfuerit

293 2597 424 2651 neme.
495 2598 501 2606 “
839 2610 840 2614 ¹

253 2783 255 2798 '
294 2777 390 2859 Quod
411 2777 532 2843 sienim
551 2780 639 2843 nulla
656 2778 699 2843 est
709 2776 823 2861 synodi
840 2768 1083 2855 oecumenica‘e‘⁹
1104 2774 1187 2845 citra¹
1202 2793 1285 2865 pon·
1327 2845 1331 2852 ,

377 2861 475 2927 tificis
494 2862 764 2926 confirmationem
781 2862 894 2938 talem,
920 2869 1046 2947 qualem
1072 2868 1194 2950 volunt
1222 2863 1284 2936 Iti·

374 2949 439 3012 liae
464 2949 658 3027 scriptores,
687 2943 878 3021 autoritas,
901 2951 1022 3013 nullum
1046 2946 1142 3014 habet
1168 2945 1308 3038 praefi·¹

379 3028 467 3091 dium
484 3027 635 3103 ecclesia,
658 3046 722 3109 quo
742 3032 808 3093 sese
825 3030 974 3097 aduersus
1001 3034 1126 3096 iniurias
1142 3043 1290 3097 tueatur.-

374 3112 419 3175 Et
443 3131 526 3175 vero
551 3111 634 3181 haud
653 3110 784 3175 difficile
818 3114 978 3191 luerit‚s1
1006 3120 1127 3179 animus
1152 3116 1296 3199 quagrri.

374 3213 418 3259 ex
442 3196 589 3259 omnibus
603 3198 741 3261 omnium
756 3195 965 3263 conciliorum
986 3199 1190 3282 generarunt·
1197 3201 1281 3265 edile

371 3279 559 3355 ostendere,
580 3280 699 3343 nullam
716 3296 856 3363 vnquam
881 3282 1034 3359 eiusmodi
1063 3281 1281 3358 confirmatio·
1312 3307 1316 3312 ·

373 3380 447 3429 nent
467 3382 484 3426 a
501 3361 654 3448 pontifice
670 3382 800 3427 romano
818 3359 908 3429 fuisse
920 3368 1072 3451 petitam,
1099 3366 1186 3450 quod
1209 3385 1282 3432 eru·

278 3481 287 3497 ·
371 3448 456 3520 dite,
480 3463 521 3513 vt
542 3448 644 3521 solet,
665 3460 699 3512 et
716 3450 898 3518 luculenter
914 3451 1064 3534 probauit
1083 3448 1280 3524 doctissimus

371 3530 575 3631 Bossvfrvs
591 3529 651 3609 def·
673 3529 785 3596 declar.
808 3532 891 3595 cleri.
914 3533 998 3615 vgall.
1020 3535 1070 3597 lit.
1093 3528 1192 3599 XIII.
1212 3554 1280 3619 cap.

286 3686 289 3695 Ι
372 3610 402 3675 Ι.
417 3612 498 3696 fiqq.
519 3616 610 3678 cuius
633 3630 699 3677 non
718 3613 865 3696 polium,
910 3621 985 3702 quin
1014 3616 1188 3682 adscribam
1202 3634 1278 3683 ver·

249 3765 252 3775 .
368 3693 424 3769 ba,
448 3717 529 3782 quae
547 3701 619 3762 sunt
634 3696 686 3759 cir:
707 3698 757 3761 lis.
773 3721 837 3783 cap.
857 3719 903 3762 ιο.
946 3700 1083 3766 Libenter
1098 3706 1288 3784 quaererem,'

194 3797 207 3858 ξ
259 3792 261 3795 ’
367 3780 491 3862 inquit,
513 3779 658 3862 ludamque
675 3803 726 3843 nos
736 3781 863 3865 synodi,
884 3805 943 3847 cum
960 3784 1100 3861 aiftilute‚
1122 3804 1157 3843 ac
1179 3782 1280 3845 decre·

290 3904 293 3909 ‚
368 3865 446 3925 roric
461 3864 672 3951 pronunciant.-
693 3865 714 3929 st
736 3868 808 3947 quis
825 3883 890 3929 non
914 3870 958 3932 ita
975 3867 1125 3939 senserit,
1146 3864 1275 3931 anathe-

367 3965 418 4015 ma
435 3947 480 4013 fis.
523 3946 569 4013 Ac
584 3946 669 4008 nimis
684 3948 818 4032 profecio
834 3950 989 4034 ineptiunt,
1010 3949 1060 4034 qni
1076 3947 1144 4013 iaec
1162 3950 1277 4014 anatlie-

350 4043 447 4096 ·'mata
465 4029 599 4095 intentari
625 4028 810 4113 respondent,
839 4032 958 4112 stinodis
979 4034 1033 4114 sub
1049 4032 1273 4110 ratihabitione,

270 4111 272 4115 ’
367 4129 397 4190 er
414 4113 627 4198 confirmatione
645 4117 751 4197 futura
770 4116 949 4214 pontificis;
979 4135 1010 4209 nt
1023 4118 1127 4199 saltem
1152 4118 1272 4265 thudinii

1181 4220 1216 4265 ar
1300 4227 1305 4240 ·
