3200 5092
581 575 844 661 Pausi
1168 603 1286 682 33¹

218 752 310 831 Eam
344 770 441 851 ergo
462 743 695 850 religionem
718 771 816 826 vere
838 745 1008 828 diuinam
1026 746 1125 844 elie,
1153 775 1218 829 ne·

230 850 319 936 oell'e
349 850 437 944 est,
463 846 576 927 euius
600 851 796 947 cultores,
837 870 877 929 et
903 850 1132 954 interpretes
1158 872 1219 934 tot

229 950 431 1038 miraculis
458 950 706 1049 incredulos,
740 971 781 1034 et
809 951 1071 1033 inobedientes
1103 954 1219 1038 toties

226 1056 473 1141 revicerunt

223 1201 364 1272 Multos
379 1198 477 1265 nobis
492 1195 546 1264 bic
568 1196 756 1287 obstrepere
773 1194 880 1263 audio.
923 1196 1004 1266 Haec
1022 1201 1127 1266 omnia
1146 1202 1222 1269 ratis

346 1286 418 1351 lana
442 1278 536 1357 fore,
557 1281 690 1361 dicunt,
711 1279 809 1347 modo
840 1283 880 1348 de
905 1281 1070 1349 existentia
1092 1287 1221 1350 miracu·

314 1304 426 1438 forum
444 1368 520 1432 satis
536 1366 705 1432 constaret·
742 1368 918 1431 Vniuersae
935 1381 1065 1433 naturae
1085 1370 1220 1434 efficaci·

316 1462 420 1520 tatem
450 1452 632 1535 ignomin
659 1451 756 1516 nobis
779 1450 881 1526 adeo,
917 1463 959 1515 vt
985 1451 1113 1517 deliniri
1138 1452 1222 1519 baud
1255 1503 1258 1508 .

370 1536 445 1612 ffit,
475 1552 572 1620 quem
597 1532 746 1600 effeetum
772 1536 807 1597 in
835 1534 1061 1599 miraculorum
1087 1554 1221 1602 numero

313 1666 316 1670 «
344 1620 433 1687 aberi
449 1629 612 1702 oporteat.
648 1621 695 1681 Ea
713 1637 819 1691 vero,
840 1636 923 1700 quae
940 1618 973 1684 in
989 1618 1081 1683 libris
1096 1622 1221 1685 veteris

316 1702 500 1774 testamenti
531 1713 716 1780 narrantur,
738 1701 907 1784 confingi,
930 1712 965 1765 et
990 1700 1225 1787 superstitione

317 1784 519 1858 multitudini
543 1782 745 1872 persuaderi,
766 1794 823 1851 aut
840 1785 969 1848 omuino
990 1804 1050 1869 per
1066 1790 1222 1873 conspira-

199 1940 203 1944 ,
317 1876 443 1939 tionem
467 1867 698 1935 'ostentationis
731 1874 821 1935 cauli
859 1870 1043 1955 praedicari·
1074 1868 1225 1953 potuilie.
1346 1865 1356 1884 ⁸

313 1960 461 2029 Verum,
488 1956 571 2022 licet
596 1963 726 2017 naturae
755 1953 844 2018 vires
869 1952 907 2048 ad
933 1953 1093 2049 pontium
1114 1973 1224 2041 vsque

315 2039 505 2124 exploratas
535 2055 601 2101 nou
623 2036 822 2112 habeamus,
844 2037 1014 2101 mirabilium
1038 2051 1167 2112 tamen,
1187 2052 1222 2106 et

314 2121 521 2191 miraculorum
535 2119 745 2188 differentiam
763 2121 785 2186 ii
804 2138 916 2185 omnes
935 2123 1155 2207 perspiciunt,
1166 2125 1222 2205 qui

318 2203 573 2293 Memphysrcae
619 2206 697 2269 rlnci
725 2207 753 2269 ia
783 2202 972 2269 didicerunt.
1003 2206 1072 2272 vid.
1102 2209 1222 2279 Pavo.

306 2291 464 2380 ,Macro
492 2284 559 2371 last.
633 2223 725 2351 etei.
753 2286 910 2371 Cosmolog.
934 2307 967 2350 ca
989 2333 997 2349 .
1018 2288 1077 2355 Vl.
1118 2290 1221 2355 Mira·

325 2373 401 2439 cula
416 2387 543 2451 autem,
565 2376 658 2458 queis
676 2310 749 2437 iibri
777 2376 903 2465 veteris
922 2307 1102 2439 taliamenti
1124 2373 1222 2443 abuu-

322 2454 427 2532 dant,
447 2454 577 2522 conida
593 2452 699 2533 inille,
720 2456 754 2519 id
772 2456 919 2539 suspicari
937 2469 1030 2522 vetat
1053 2459 1089 2543 1)
1108 2460 1223 2543 ingens

318 2540 489 2609 hommum
508 2538 702 2612 multitudo,
724 2538 841 2619 quibus
861 2540 1087 2621 imponendum
1106 2540 1222 2610 suiliet,

317 2636 358 2701 2)
381 2622 555 2692 Fastorum
591 2626 760 2708 ipsorum,
791 2636 875 2702 quae
906 2625 1047 2687 omnium
1083 2624 1223 2692 sensibus

310 2712 474 2797 'vssrrpata
490 2716 597 2786 erant,
618 2705 790 2769 euidentia.
826 2706 884 2785 ,3)
904 2706 1042 2770 Narrate
1069 2710 1224 2773 Israelita·

315 2811 393 2860 rum
417 2794 577 2868 crimina,
614 2787 880 2853 murmurationes
914 2790 1064 2855 adoerius
1097 2793 1224 2871 Deum,

312 2878 419 2943 vituli
447 2877 535 2941 aurei
559 2874 696 2950 cultus,
726 2871 932 2937 incredulitas
965 2889 1003 2938 ac
1026 2874 1228 2955 diffidentia,

318 2958 567 3047 blasphemiae,
598 2958 790 3037 seditiones,
821 2955 1081 3040 perduelliones,
1120 2962 1233 3030 libidi.

319 3061 402 3119 nes,
425 3057 617 3126 caeteraque
641 3042 795 3111 crimina,
813 3038 1038 3126 quibusipsos
1065 3046 1143 3109 iram
1161 3047 1224 3111 Dei

351 3125 533 3199 mummia,
552 3139 586 3190 et
603 3138 655 3189 tot
670 3123 808 3208 flagellis
826 3124 928 3188 aDeo
941 3123 1108 3211 castigatos
1123 3124 1224 3207 inille,

206 3246 208 3249 >
321 3228 359 3277 rn
382 3211 457 3298 ipfis
485 3210 577 3275 libris
604 3206 734 3290 Moysis
759 3206 911 3291 scriptum
938 3206 992 3272 est.
1047 3212 1086 3308 4)
1114 3212 1226 3275 Moni-

282 3371 286 3378 ,
321 3306 505 3362 mentorum
523 3289 728 3366 sensibilium,
750 3306 789 3353 ac
810 3301 1043 3375 perpetuorum
1072 3292 1223 3358 institutio

322 3378 367 3444 ad
390 3374 576 3447 huiusmodi
600 3386 796 3439 eventorum
818 3378 1000 3439 memoriam
1027 3374 1223 3455 seruandam.

325 3461 367 3549 5)
386 3461 478 3547 Styli
500 3459 718 3543 orationisque
742 3455 953 3543 implicitas·
987 3457 1080 3521 Haec
1102 3457 1224 3541 omnia,

321 3549 474 3630 inquam,
497 3544 644 3629 suspicari
667 3553 810 3611 vetant,
831 3540 987 3622 Moysem
1012 3554 1225 3629 caeterosque
1280 3585 1285 3590 -

322 3631 419 3695 viros
448 3627 662 3703 sanmffmos,
684 3624 848 3691 doiiriuie
873 3625 947 3689 Deo
964 3626 1077 3710 dignae
1104 3628 1229 3713 praedi.

322 3722 482 3788 catores,
503 3712 671 3796 affingere,
698 3722 733 3775 et
768 3705 844 3772 falsa
866 3709 1058 3791 persuadere
1089 3711 1145 3776 aut
1169 3730 1228 3775 vo·

322 3791 435 3873 luiffe,
455 3807 510 3861 aut
530 3788 677 3881 potuisse.
718 3791 806 3857 Illud
830 3806 913 3854 vero
938 3789 1143 3859 strdtiffimum
1164 3792 1227 3867 est,

322 3878 467 3946 Iudaeos
486 3880 520 3943 in
537 3881 628 3945 illum
644 3878 753 3942 dolum
771 3871 965 3941 consensisse.
991 3877 1152 3942 Nimirum
1171 3875 1231 3939 ho-

325 3965 449 4031 minum
474 3960 712 4028 innumerabilis
741 3958 934 4038 multitudo,
965 3959 1050 4043 quasi
1075 3980 1120 4025 ex
1144 3975 1229 4022 com·

327 4045 428 4130 proto
445 4064 503 4123 ea,
525 4065 608 4131 quae
631 4042 781 4108 falfiffima
805 4043 914 4118 sciuit,
936 4060 1001 4109 non
1023 4043 1120 4109 modo
1145 4038 1229 4106 fabia
1320 4104 1324 4113 ,

324 4130 500 4208 concellit,
520 4130 575 4195 sed
599 4140 633 4192 et
656 4133 704 4191 ea'
718 4128 812 4189 animi
836 4123 986 4198 firmitate
1011 4122 1169 4201 credidit,
1188 4131 1231 4190 vt

327 4214 468 4279 mortem
486 4215 602 4279 lubens
617 4209 659 4274 ad
677 4229 714 4273 ea
732 4208 946 4276 confirmanda
959 4205 1161 4293 appeteret?

199 4412 203 4419 Ι
296 4293 420 4401 Insb't.
428 4294 590 4402 Iurispr.
601 4290 683 4371 eccl.
692 4292 740 4375 P.
748 4288 781 4371 Ι.
849 4292 881 4365 C
961 4292 1000 4397 ς.
1037 4294 1175 4400 xiiii.
