3200 5092
205 517 212 535 “
295 500 321 601 s
366 543 413 625 32
467 518 1313 629 lvnrsrnvonnrrnnEccnusrnsrmnr,

220 2388 228 2400 .
295 2374 299 2380 .
359 2313 651 2421 compledtitur,
678 2316 825 2393 veteris
841 2315 1120 2414 testamenti3(

449 694 533 845 gulo
552 665 638 757 dirae
661 692 802 775 ceruicis,
823 696 939 766 Exon.
971 695 1119 766 XXXII.
1138 722 1165 783 9.
1191 713 1226 770 et
1254 706 1370 771 cordis.

461 777 558 863 epidei
573 782 697 846 Ezrcn
715 775 777 842 XI.
799 797 828 846 r.
849 780 1015 849 XXXVI.
1036 788 1085 849 26.
1104 785 1345 855 defiderabrtur
1365 785 1368 800 '

446 879 501 931 aut
527 859 759 957 {montinum
779 860 887 935 futura
913 864 1185 959 praedicebaturr
1219 876 1285 938 tale
1309 836 1358 944 esi

447 959 657 1034 proeceptum
670 947 892 1027 circumistonis
910 952 1032 1031 carnis,
1052 969 1135 1035 quae
1161 954 1264 1037 figura
1281 973 1355 1026 eret
1411 1019 1420 1027 ,

444 1030 590 1118 Baptismi
609 1032 743 1098 Ieario.
761 1030 824 1095 lv.
844 1052 875 1110 4.
898 1036 1100 1101 neceam.
1116 1035 1244 1103 XLIV.
1268 1057 1298 1124 7.
1322 1063 1362 1122 9.

445 1118 485 1181 od
502 1117 584 1186 Rom.
599 1111 646 1178 II.
669 1133 699 1192 9.
725 1116 823 1181 Cons.
852 1124 985 1185 omnino
1008 1123 1150 1186 Nem
1176 1129 1355 1190 Austru-

446 1222 511 1268 nn.
522 1196 754 1266 dissertationes
771 1201 813 1265 de
829 1204 950 1286 triplici
969 1206 1033 1270 hoc
1048 1222 1167 1291 genere
1185 1208 1295 1293 legum
1321 1214 1355 1275 in

447 1284 510 1367 list.
533 1281 628 1360 eccles
655 1299 684 1346 er
719 1283 758 1347 V.
790 1282 910 1364 Teliann
952 1286 1035 1354 Torn.
1057 1289 1089 1362 I.
1121 1292 1215 1357 AErat·
1239 1292 1367 1369 Mum...

446 1369 515 1436 [V.
527 1366 651 1455 Differre.
670 1365 719 1432 II.
734 1364 805 1433 III.
818 1366 883 1434 IV.

757 1553 798 1663 g.
832 1538 988 1636 xnu.

386 1743 504 1827 Hanc
526 1744 741 1848 religionem
772 1745 963 1853 librosque
988 1774 1070 1827 eant
1098 1748 1333 1831 continentes
1363 1839 1366 1843 Α

440 1849 510 1952 effe
538 1846 690 1961 diuinos
714 1844 991 1968 demonstratur
1014 1851 1057 1957 1)
1080 1845 1133 1933 ex'
1148 1853 1278 1934 Mira·

816 1950 922 2031 cules.

446 2104 661 2214 Religionis
683 2106 879 2188 'hedenus
905 2105 1139 2209 descriptae,
1163 2105 1357 2192 librorum
1407 2103 1411 2108 ’

257 2220 261 2225 ’
362 2209 637 2303 mosaicorum,
666 2210 859 2314 tonusque
879 2208 1113 2313 scripturae,
1121 2213 1355 2418 ¹prraesillnm

1139 2343 1203 2393 u.
1247 2340 1288 2413 o
1319 2321 1353 2416 ·)

361 2418 606 2497 diuinitatem
622 2418 771 2500 abunde
786 2420 968 2498 testentur
983 2338 1355 2517 charaneiesveiae

361 2519 564 2628 religionis
598 2522 699 2625 (sup.
733 2520 774 2625 S.
796 2525 875 2623 η.)
899 2520 1084 2609 stabiliti,
1121 2541 1238 2625 atque
1262 2545 1381 2598 vera.

362 2621 547 2705 miraculo
575 2623 618 2704 in
648 2622 755 2705 illius
788 2619 1125 2705 confirmationem
1143 2619 1380 2729 saepiffime

362 2749 536 2833 patrate,
562 2748 602 2809 et
619 2724 849 2834 prophetiae
881 2724 1209 2830 quamplurimae
1240 2752 1353 2829 opere
1394 2788 1397 2792 <

364 2831 580 2934 completae.
649 2834 700 2908 Et
725 2826 879 2931 quidem
918 2830 1021 2933 quod
1044 2827 1232 2908 miracula
1265 2827 1354 2907 atti·

361 2953 459 3032 net,
497 2935 545 3009 de
569 2931 731 3011 illorum
757 2930 924 3009 veritate
948 2926 1157 3036 prudenter
1185 2929 1355 3009 dubitari
1375 2967 1395 2989 ν

307 3072 325 3086 e
361 3059 439 3111 non
460 3040 603 3138 potest3
631 3060 728 3142 quae
756 3063 779 3114 a
808 3032 962 3113 testibus
989 3034 1158 3124 idoneis,
1185 3058 1352 3138 quorum

363 3160 436 3216 nec
455 3135 643 3217 iudicium
660 3161 732 3218 nec
755 3135 851 3215 fides
866 3136 1041 3233 laborat,
1068 3139 1115 3216 ab
1133 3134 1352 3214 hominibus

361 3239 521 3337 sanetis,
548 3242 679 3342 quales
694 3240 852 3320 fuerunt
864 3239 1039 3341 Moyses,
1058 3258 1099 3317 et
1120 3238 1352 3337 Prophetae,

362 3347 615 3438 reseruntur,
640 3343 764 3424 literis
789 3347 1043 3436 mandantur,
1068 3339 1173 3423 edita
1196 3341 1240 3422 in
1263 3363 1351 3421 con·

364 3446 495 3548 spectu
518 3446 651 3551 populi
669 3445 789 3526 totius
809 3466 1034 3541 narrantur,
1063 3444 1113 3523 iis
1134 3443 1222 3551 ipfis
1240 3466 1354 3547 prae-⁴

362 3547 552 3643 sentibus,
579 3573 742 3653 quorum
758 3546 974 3629 testimonio
991 3548 1127 3657 argui,
1155 3544 1352 3627 convinci·

358 3676 440 3830 gne
451 3650 596 3755 possent
612 3651 817 3739 mendacii,
846 3653 912 3756 qui
928 3651 1028 3732 haee
1041 3650 1246 3731 memoriae
1265 3673 1351 3751 pro-

313 3828 317 3837 .
388 3755 565 3850 iderunt,
591 3752 729 3836 fisnlsa
751 3777 790 3836 et
807 3754 968 3839 conficia
984 3752 1112 3836 essent.
1157 3755 1278 3855 Atqui
1294 3746 1349 3828 so·

363 3859 440 3937 lius
465 3857 541 3939 Dei
570 3858 643 3951 est,
669 3861 774 3939 vltra
797 3880 958 3952 naturae
979 3856 1122 3937 limites
1141 3879 1214 3960 pro
1241 3852 1346 3951 redi,

363 3983 403 4040 et
428 3986 561 4044 rerum
585 3984 801 4044 creatarum
826 3962 976 4041 viribus
996 3958 1145 4037 maiora
1166 3983 1188 4034 e
1232 3980 1344 4048 cere,

363 4066 432 4168 qui
459 4082 575 4169 porro
598 4062 730 4146 falsam
749 4063 978 4183 religionem
994 4059 1211 4153 miraculis,
1240 4054 1344 4164 quasi

362 4166 599 4253 austeritatis
623 4165 712 4250 sune
735 4163 868 4271 fignn,
896 4158 1091 4272 obsignare
1115 4190 1192 4261 non
1201 4161 1341 4345 ἔξω.
1414 4273 1417 4278 .

1258 4292 1296 4342 m
