3200 5092
645 524 922 608 Pnnel.
1209 471 1281 629 '5

280 700 353 779 diti
380 696 538 791 sumus,
564 698 768 777 amittendi
791 696 965 801 periculo
992 694 1067 776 effe
1089 698 1281 796 obnoxie,

289 805 476 911 ignorare
495 827 575 881 non
592 802 788 905 poffumus.

278 940 448 1025 Confec'lnnn
468 940 526 1024 est,
546 938 645 1025 inquit
667 946 765 1006 Ann-
782 939 1060 1019 Gunvunsns‚st
1079 939 1150 1025 quid
1172 963 1281 1023 cerno,

368 1024 528 1104 hominem,
546 1025 640 1110 qualis
657 1048 737 1103 nnnc
750 1022 807 1105 est,
828 1024 982 1108 neceffnrio
1005 1023 1056 1107 effe
1082 1026 1231 1106 miserum,
1251 1043 1281 1089 et

368 1108 481 1196 quidem
498 1106 540 1173 ex'
553 1108 770 1195 triplicisnnte.
814 1108 896 1176 Nam
915 1132 965 1173 nec
983 1106 1095 1188 infinite
1118 1109 1280 1194 intelligens

362 1191 421 1276 esi,
440 1210 473 1258 vt
488 1192 579 1281 poffit
604 1215 708 1257 omnem
726 1214 855 1258 errorent
868 1192 1006 1271 euadere,
1027 1216 1077 1256 nec
1093 1192 1200 1271 infinite
1213 1212 1281 1282 per·

360 1279 478 1364 fliius,
500 1294 533 1341 vt
544 1277 607 1358 fiii
627 1278 685 1364 ipst
699 1276 739 1342 ad
752 1278 951 1341 beatitudinem
957 1276 1106 1361 fitfficiat,
1127 1298 1176 1339 nec
1191 1278 1280 1340 omni·

240 1367 242 1371 ’
364 1379 481 1451 potem,
506 1377 537 1427 vt
553 1378 653 1447 quent,
685 1380 713 1425 et
732 1385 804 1449 quae
820 1362 1012 1459 concupiscit,
1028 1361 1123 1426 omnin
1141 1361 1279 1445 consequi,

368 1464 395 1511 et
422 1468 494 1531 quat
519 1444 617 1511 iomt
642 1445 770 1510 omnine
796 1443 985 1529 scdzstcnere.
1006 1450 1062 1512 cit.
1080 1447 1147 1512 loc.
1173 1443 1204 1524 S.
1227 1461 1276 1520 15·
1391 1528 1394 1534 Ι

365 1534 472 1614 Quare
490 1534 652 1597 verissime
669 1543 799 1615 apoeta
817 1536 972 1617 scriptum
993 1533 1059 1596 est:

267 1656 277 1673 ,
401 1651 445 1665 -
488 1652 532 1663 -
573 1653 617 1665 -
658 1642 702 1663 2-
744 1614 857 1700 dicique
888 1616 985 1678 beatus

402 1697 479 1766 Ain
496 1699 602 1765 obitum
624 1720 721 1779 nemo,
736 1699 922 1786 sttprennaque
935 1704 1044 1783 funera
1066 1697 1157 1769 dedet.

792 1789 954 1851 Ovumvs
972 1782 1101 1848 Mnan.
1117 1779 1185 1852 HI.
1206 1786 1276 1862 136.

693 1965 732 2071 §-
786 1970 835 2047 v.

537 2115 663 2198 Hanc.
678 2139 805 2197 autem
831 2116 1009 2217 existere,
1037 2102 1040 2112 ⁴

324 2251 467 2361 Quodfi
493 2277 623 2337 tamen
648 2260 697 2337 nd
726 2259 987 2339 immortalem
1018 2254 1172 2337 animae
1207 2285 1274 2337 no·

271 2356 376 2442 strae
394 2379 587 2456 naturam,
613 2381 654 2441 et
680 2359 1014 2443 constantiffimum
1031 2362 1271 2439 naturalem-

268 2484 351 2565 que
366 2461 560 2566 perieiiae
577 2464 777 2547 felicitatis
798 2465 1031 2546 obtinendae
1049 2462 1268 2542 stimulum:

266 2567 370 2673 (sup.
397 2562 523 2668 5.·1.)
546 2572 594 2646 nd
625 2568 812 2647 summam
840 2566 1100 2671 insuper'Dei
1128 2566 1272 2673 sepiem

267 2671 366 2750 tiam
393 2690 433 2747 et
458 2671 670 2750 bonitatem
698 2671 953 2751 attendimus:
980 2690 1063 2746 tum
1091 2668 1183 2747 satis
1210 2674 1271 2747 de·

266 2772 517 2852 monstratum
544 2773 618 2853 effe
638 2775 838 2867 existim0‚
867 2772 983 2851 aliam
1003 2769 1131 2849 adhuc
1148 2772 1270 2850 felici·

270 2896 391 2955 tatem
417 2876 608 2970 existere,
635 2901 733 2979 quae
761 2875 970 2980 persediam
993 2873 1164 2976 undique
1189 2872 1270 2956 fine

270 2980 351 3057 vlla
377 2980 650 3084 aegritudinis,
681 3002 748 3059 aut
772 3002 897 3058 metus
918 2976 1139 3057 admistione
1159 2982 1267 3059 volu·

276 3101 423 3183 ptatem
440 3082 728 3188 compleeintnr.
1224 3095 1230 3106 ’
1252 3100 1258 3109 ·

716 3293 724 3313 .-
754 3236 821 3315 VI.
856 3263 860 3272 ’

320 3385 383 3465 Et
408 3389 450 3467 in
462 3387 553 3492 silo
577 3386 667 3467 Deo
683 3234 808 3488 {itam
833 3391 902 3491 effe
927 3387 1210 3487 demonstratur.
1264 3323 1267 3328 ·

311 3536 452 3638 Neque
480 3534 639 3613 difficile
661 3535 761 3628 erit,
789 3532 978 3618 eiusmodi
1010 3534 1264 3614 beatitudinis

260 3632 406 3724 sontem
433 3641 625 3743 detegere.
677 3639 792 3717 Enim
818 3662 916 3716 vero
945 3636 998 3716 est
1021 3642 1157 3728 Deus,
1185 3661 1261 3742 quo
1321 3645 1324 3649 ’

260 3741 385 3816 maius
401 3740 630 3841 quidquam,
657 3763 725 3820 aut
740 3740 880 3819 melius
902 3742 1088 3843 cogitari,
1118 3761 1186 3818 aut
1205 3742 1261 3816 di·

264 3840 297 3918 ci
324 3842 383 3919 nil
440 3849 561 3937 otest,
586 3844 629 3922 in
685 3871 734 3921 uo
759 3845 989 3923 immortalis
1017 3845 1082 3923 hic
1108 3842 1281 3921 animus·

263 3868 507 4042 placidiliime
531 3944 822 4049 conquiescere,
851 3969 891 4027 et
916 3966 1102 4050 exoptata
1131 3942 1258 4022 felici·

261 4066 339 4125 tate
377 4074 500 4154 eaque
534 4051 755 4154 complete,
793 4072 835 4132 et
869 4045 1057 4132 nu'meris-
1081 4043 1257 4129 omnibus

260 4149 434 4252 ebiolute
451 4152 533 4233 frui
550 4152 704 4259 poterit

629 4331 632 4336 ·
752 4304 828 4381 Aa
1022 4294 1215 4366 ·Hanc
1347 4290 1353 4298 “
