3200 5092
588 534 833 618 ‘PARS
908 541 939 616 Ι.
1023 552 1072 653 4·
1209 538 1318 651 ιη

305 725 455 874 δαερὲιιεᾳ
475 710 1100 872 sszlopanmuu·pira1smaultreperies
1126 726 1285 828 adpellari
1408 755 1411 758 ·

308 923 311 927 ‚
368 829 543 963 sum,
556 815 1289 966 iurum:urumniarium:

366 979 425 1058 da,
446 976 503 1044 sed
519 994 628 1060 neque
645 974 832 1058 corrigenda
856 984 965 1041 tamen
992 988 1049 1043 aut
1061 980 1285 1065 immutanda,

366 1061 541 1129 uedocere
561 1060 660 1146 magis
681 1070 811 1142 patrea,
837 1077 931 1144 quam
948 1062 1148 1149 interrogare
1172 1068 1286 1133 viden·

242 1204 244 1212 .
366 1167 443 1218 mur.
485 1146 642 1213 Ceterum
668 1159 713 1206 ex
750 1141 812 1208 hac
835 1147 948 1229 regula
973 1147 1125 1234 adparet,
1144 1147 1286 1216 necessa·

371 1238 452 1301 rium
468 1227 551 1311 effe,
572 1241 614 1296 vt
640 1228 839 1311 linguarum,
871 1228 992 1319 quibuq
1026 1232 1203 1318 scriptores
1231 1231 1284 1303 vn

370 1323 458 1398 sunt,
471 1313 739 1402 ‘peritiamnobis
758 1312 942 1393 adcuratam
961 1313 1204 1403 comparemus,
1220 1315 1286 1384 tin·-

369 1406 584 1488 gulorumque
607 1397 848 1464 vocabulorum
874 1402 1110 1484 proprietatem
1139 1400 1280 1471 studiose
1309 1398 1311 1415 ²

370 1485 612 1571 inuestigemus=
633 1484 753 1566 alioqui
775 1479 924 1548 fierinon
947 1483 1073 1569 potest,
1097 1498 1139 1553 vt
1154 1487 1279 1553 verbo·

370 1590 437 1640 rum
463 1571 587 1637 sensum
616 1569 786 1653 proprium
808 1583 953 1653 unquam
978 1570 1200 1655 adsequamur.
1241 1575 1278 1638 A

392 1668 558 1722 notamen
575 1651 639 1718 fine
659 1650 734 1718 iuiia
750 1652 841 1715 causa
855 1653 889 1716 in
907 1655 1161 1742 'interpretando
1186 1669 1278 1721 rece-

302 1798 306 1804 .
430 1741 583 1810 dumuon
600 1737 656 1802 est.
698 1735 875 1816 Rationes,
897 1756 979 1822 quae
995 1755 1057 1805 nos
1074 1752 1198 1824 cogunt
1211 1741 1275 1806 sae·

369 1826 546 1914 pensensu
572 1820 709 1907 proprio
736 1817 925 1901 discedere,
956 1823 1085 1890 multae.
1109 1821 1174 1891 eise
1202 1827 1277 1911 pos-

256 1944 259 1957 ·
369 1915 457 1988 iirnt,
476 1907 520 1976 de
538 1906 657 1993 quibus
673 1910 708 1974 in
724 1905 830 1988 logica
849 1911 1037 1992 exponitur.

606 2091 661 2220 S·
699 2095 933 2174 cccxxrv.

394 2312 398 2328 ·
481 2283 485 2289 ’
610 2257 963 2365 QUARTA.
1049 2340 1052 2347 ,

343 2426 432 2528 rid,
454 2423 615 2501 alteram
635 2415 789 2499 claiiem
810 2420 886 2500 hos
914 2442 1081 2503 canones
1116 2420 1270 2519 refero,

304 2519 484 2630 ruffinae·
501 2521 660 2609 alieuius
677 2521 811 2626 patria
835 2521 970 2600 librum
997 2526 1271 2628 interpretatu·

302 2634 436 2730 must,
461 2627 630 2732 linguae,
656 2623 699 2703 in
716 2651 795 2730 qua
817 2624 987 2728 primum
1000 2627 1177 2732 scriputut
1193 2626 1273 2725 est,

295 2723 502 2829 facultatem
516 2726 742 2812 adcuratam
765 2745 893 2808 tenear
910 2730 1048 2832 neceffi
1062 2730 1129 2830 est.
1243 2809 1249 2830 ,

298 2903 390 2985 Huius
406 2923 538 3008 regulae
557 2921 639 2988 ratio
654 2919 789 2986 euidens
809 2915 864 2986 est.
910 2917 1090 2985 versiones
1112 2916 1197 2986 enim
1209 2936 1276 2986 non
1397 2991 1399 2995 ,

370 3008 441 3073 sunt
457 3009 549 3074 vilae
567 3007 642 3072 satis
657 3001 842 3092 perreriae,
864 3003 1011 3082 scilicet,
1033 3019 1115 3090 quae
1131 3000 1277 3070 auctoris

368 3104 509 3159 mentem
534 3095 632 3177 plene
657 3091 842 3156 exhibeant.
886 3087 974 3168 Quid
999 3085 1081 3154 fine
1108 3084 1181 3152 fieri
1205 3089 1277 3172 qui·

366 3178 439 3241 dem
464 3175 628 3260 perfectae
652 3171 812 3263 possunt?
841 3171 997 3239 IdIomata
1023 3171 1107 3238 enim
1126 3169 1186 3236 srbi
1209 3188 1277 3237 non

365 3258 582 3348 respondent,
603 3261 773 3340 idiotismi‚
794 3260 895 3325 natiui
919 3257 1073 3334 colores,
1111 3259 1275 3330 veneres,

364 3348 531 3432 emphases
555 3350 644 3414 verti
667 3349 702 3412 in
730 3347 823 3412 aliam
849 3343 992 3428 linguam
1018 3349 1204 3422 nequeunt,
1230 3351 1278 3435 vt

386 3432 511 3498 iuribus
532 3429 756 3499 demonstrauit
777 3429 1001 3492 Raemnvs
1020 3423 1212 3487 smonrvs
1241 3442 1275 3486 m
1366 3475 1368 3480 .

361 3446 427 3597 iifl.
451 3516 520 3583 eri.
549 3521 589 3586 V.
615 3517 657 3586 T.
707 3510 805 3594 Quod
832 3507 855 3576 sr
883 3527 922 3574 ea
956 3519 1017 3570 nos
1043 3505 1275 3574 circumueniat
1305 3587 1308 3592 ,
1388 3531 1392 3538 ·

361 3533 554 3683 ηεοείῦῐζες
569 3601 610 3670 vt
627 3602 762 3667 aliorum
776 3588 1036 3676 interpretationi
1065 3586 1210 3657 habenda
1234 3587 1274 3659 fit
1372 3661 1373 3665 ,

360 3685 467 3766 fides,
482 3753 483 3756 ,
497 3689 615 3756 ceteris
646 3682 778 3771 paribus
805 3672 1014 3764 praeferenda
1035 3671 1081 3742 est
1109 3674 1270 3761 interpre-

265 3796 269 3803 ·
322 3793 327 3800 ·
359 3774 446 3839 tatio
462 3775 554 3850 eius,
573 3773 626 3839 cui
645 3765 785 3835 audonis
813 3761 921 3846 lingua
946 3757 1053 3844 probe
1071 3768 1141 3825 erat
1157 3759 1272 3844 cogni·

364 3865 417 3936 ta,
438 3870 474 3926 et
495 3859 529 3924 in
546 3856 697 3934 materia,
719 3849 761 3917 de
778 3862 842 3935 qua
867 3841 985 3914 auttor
1014 3857 1271 3922 commentatur,

363 3945 517 4036 venitus
535 3941 590 4012 eii.
648 3972 653 3980 ·

899 4235 941 4380 ςζ
994 4257 1214 4364 eccum·
