3200 5092
629 523 900 636 Pausi
1168 583 1241 669 ιῃ

343 752 378 820 P.
397 751 518 818 Gneo.
546 750 761 813 Znaiivuiri
786 744 819 807 in
841 742 935 827 princ.
951 744 1108 828 iureedefi
1123 764 1192 815 torri.
1216 752 1246 821 Ι.
1292 773 1295 778 “

342 834 441 923 quusi.
462 832 512 897 II.
531 856 558 894 c.
573 847 603 897 2.
622 836 656 904 s,
679 851 707 912 7.
733 828 907 895 lediionem
926 835 1009 895 euim
1033 838 1244 918 promiscuam

341 923 372 986 S.
388 922 591 999 Scriptum,
625 912 752 997 quando
778 913 973 995 prohibitam
1003 917 1107 982 rident
1135 933 1244 1002 prote·

341 1004 476 1075 stantes,
499 1003 520 1065 ii
539 1017 677 1074 vereor,
699 1011 740 1061 vt
767 1010 907 1061 mentem
924 996 1154 1067 catholicorum
1171 1008 1244 1071 satis

341 1090 532 1171 intelligant.
576 1085 623 1147 Ea
642 1078 823 1165 prohibitio
841 1082 912 1144 talis
932 1080 994 1155 est,
1014 1097 1054 1148 vt
1079 1103 1120 1148 rie
1145 1090 1244 1157 liceat

296 1167 299 1172 ’
341 1175 460 1255 cuique
481 1172 558 1234 citra
576 1170 705 1233 veniam
722 1166 834 1247 legere
858 1166 1046 1250 scripturam
1069 1169 1100 1232 in
1127 1171 1245 1256 linguis

252 1287 254 1292 ·
341 1255 485 1340 vulgatis
504 1252 637 1325 editam,
654 1268 734 1333 quae
752 1250 833 1311 adeo
851 1259 957 1330 neque
979 1253 1018 1317 ad
1046 1250 1246 1336 hebraicam,

247 1377 248 1386 κ
275 1371 278 1384 =
307 1351 309 1356 ·
344 1355 376 1406 et
394 1354 561 1425 graecam,
582 1353 689 1415 neque
706 1332 746 1396 ad
762 1336 889 1398 latinam
909 1335 1073 1418 vulgiiam
1094 1343 1245 1422 pertinet.

343 1427 447 1505 Huius
465 1422 587 1487 decreti
611 1420 680 1501 quis
701 1433 765 1479 non
793 1417 980 1500 singularem
1002 1420 1112 1485 laudet
1138 1429 1247 1506 proui-

286 1531 288 1540 '
347 1508 482 1575 dentiam
497 1510 513 1569 ‘i
538 1507 645 1569 Omnes
662 1500 788 1580 haereses
808 1502 840 1564 de
849 1499 1008 1585 scripturis
1017 1504 1078 1581 sibi·
1092 1508 1247 1571 ceruicalia

346 1594 498 1672 confitere,
527 1609 596 1671 quoe
621 1601 726 1671 ponant
744 1583 799 1663 fib
833 1585 928 1649 cubito
952 1586 1094 1657 uniuerso
1117 1592 1246 1673 aeratis,

347 1672 482 1826 quichre
503 1675 554 1736 ait.
575 1674 615 1736 Ι).
637 1671 891 1733 Hiaiioririuvs
911 1668 941 1730 in
957 1683 1018 1754 eqo.
1037 1670 1066 1739 Ι.
1081 1674 1119 1737 ad
1146 1674 1245 1740 Galat.

377 1781 396 1824 e
425 1755 626 1822 versionibus
647 1755 847 1844 bibliorum,
877 1766 910 1817 et
934 1756 1030 1818 variis
1053 1756 1245 1825 editionibus
1272 1794 1276 1802 ·
1361 1817 1368 1825 ,

349 1845 519 1926 scriptores
536 1841 748 1903 recensuimus
765 1837 981 1902 inlirssaiia.
1002 1835 1215 1910 desacras'cri·
1237 1879 1250 1894 .
1340 1845 1343 1852 ·

256 1935 260 1956 ¹
353 1931 463 2000 uias.
483 1923 595 1998 42.lit.
618 1921 680 2003 (a)
1226 1967 1229 1972 .

614 2103 653 2210 §-
706 2107 893 2189 CXCVIi.
965 2167 973 2187 ,

716 2292 831 2373 Idem.

357 2461 485 2576 Neque
526 2492 621 2546 vero
657 2464 753 2544 haec
792 2468 1028 2565 promiscuae
1070 2471 1248 2572 ledionis
1367 2513 1370 2519 ·

291 2572 475 2675 prohibitio
509 2572 715 2677 quidquam
740 2568 924 2672 impedit,
952 2577 1181 2676 quominus
1207 2571 1250 2651 fi·

282 2679 390 2771 iesu,
415 2678 599 2778 reiieque
625 2672 754 2751 animo
775 2675 986 2774 comparati
1013 2681 1060 2754 ad
1082 2704 1165 2754 eam
1187 2678 1249 2754 ad·

292 2775 445 2871 hortandi
480 2777 560 2855 sint.
615 2778 712 2854 Sane
745 2775 900 2878 quidem
926 2776 1024 2855 nihil
1048 2779 1124 2859 hoc
1142 2779 1249 2856 sacro

292 2884 421 2989 negotio
436 2880 573 2962 maiori
592 2878 632 2957 in
652 2878 774 2980 pretio
794 2876 867 2955 eise
884 2881 994 2960 debet
1010 2882 1060 2961 iis
1082 2881 1250 2989 praeser-

293 2983 362 3086 tim,
386 2986 521 3089 quibus
540 3007 634 3061 cura
660 3005 792 3059 rerum
809 2980 1026 3073 sacrarum,
1051 3007 1168 3094 atque
1189 2987 1249 3067 ad·

293 3087 494 3177 ministratio
515 3082 705 3165 commiffa
728 3084 790 3163 est.

292 3291 398 3363 adsidui
415 3299 486 3362 suut
504 3294 536 3356 S.
556 3304 663 3373 paries
682 3288 923 3362 inhermes,
952 3294 1127 3378 scripturae
1153 3298 1250 3361 ouini·

319 3441 325 3448 .
355 3381 411 3450 bus
427 3376 686 3443 commendanda.
710 3377 831 3453 Oiimes,
848 3378 968 3459 inquit,
984 3379 1018 3441 S.
1035 3386 1251 3447 Aiioaosivs

320 3495 321 3499 ¹
354 3463 482 3543 aedificat
492 3460 640 3545 scripturn
659 3457 774 3533 diuina,
804 3460 835 3523 iii
855 3481 888 3521 eii
913 3459 1018 3542 inuenit
1043 3463 1248 3546 imusquisque,

351 3570 404 3634 quo
420 3546 603 3609 aur'uulnero
615 3547 668 3623 sien
683 3558 777 3620 curet,
798 3558 847 3605 out
870 3544 971 3605 merito
987 3544 1142 3621 confirmet.
1182 3550 1251 3613 Ne-

354 3652 414 3717 que
429 3632 532 3696 vllam
560 3626 623 3692 effe
647 3637 766 3692 tautam
792 3629 882 3691 vitae
907 3629 1120 3695 necessitatem
1148 3631 1251 3698 existi-

352 3717 457 3783 mabat
469 3714 502 3777 S.
522 3716 803 3789 enumeremus,
825 3729 906 3791 quae
924 3711 965 3775 ab
992 3732 1027 3777 ea
1051 3711 1251 3813 obligatione

343 3800 546 3885 'quemquam
572 3801 714 3865 excuset.
770 3794 879 3876 Neque,
897 3816 965 3859 uero
991 3796 1061 3860 milii
1084 3817 1250 3884 quisquam,

353 3888 395 3950 ait
415 3883 500 3947 hom.
518 3881 547 3948 Ι.
573 3882 603 3942 in
622 3883 775 3945 Muurn.
798 3881 932 3960 proferat
942 3880 1064 3962 frigida
1082 3884 1136 3947 isle
1154 3883 1252 3961 uerba,

351 3969 484 4055 piaiieqiie
500 3963 670 4029 demiranda:
692 3965 761 4046 Ego
779 3964 936 4041 forensibus
950 3965 1039 4045 coristi
1048 3967 1110 4046 firm
1126 3964 1252 4042 adfixae,

351 4053 464 4201 pdiica
477 4070 550 4128 gero
567 4051 699 4133 negotia,
721 4045 877 4123 artificium
894 4069 1011 4113 exerceo
1028 4097 1039 4121 ,
1068 4069 1187 4114 uxorem
1203 4047 1255 4111 ta-
1333 4125 1336 4130 ,

368 4159 415 4213 eo,
438 4133 487 4204 aso
504 4134 628 4215 liberor,
643 4130 778 4219 familiae
792 4154 885 4202 caran
901 4154 991 4220 pero,
1012 4128 1249 4297 mundauuqhomq

1170 4233 1219 4284 rim·
