3200 5092
297 541 387 624 7104
419 517 1257 632 lvnrsrnvuuntrarrEucaerusrrcss,

217 806 223 816 q
295 709 495 815 scripturis
522 708 621 787 nihil
644 708 845 805 habemus,
881 706 951 789 trifi
974 712 1078 793 datas
1098 708 1275 818 pontifici

296 818 424 896 claues
441 812 552 920 regni
569 814 786 910 coelorum,
812 812 1047 912 declauibus
1067 816 1178 922 regni
1196 837 1274 894 ter·

213 927 216 932 ’
294 940 425 997 rarum
444 916 549 993 nulla
565 915 728 995 mentio:
753 915 998 995 traditionem
1017 917 1270 1025 apostolorum

294 1023 438 1100 nullam
461 1017 668 1098 aduersarii
691 1019 904 1121 proferunt.
950 1103 955 1110 ,

293 1153 369 1224 Hoc
377 1165 562 1233 argumento
579 1151 654 1213 vtus
664 1148 710 1214 est
718 1152 992 1218 Bonnanurrrvs
1000 1149 1040 1215 ad
1050 1145 1281 1215 confutandam·

375 1233 564 1304 sententiam
577 1250 705 1309 eorum,
727 1237 783 1318 qui
808 1231 962 1300 eccleliae
979 1233 1168 1317 potestatem
1192 1233 1275 1296 dire·

376 1319 459 1388 &arn
475 1325 508 1382 lu
525 1331 617 1402 reges
637 1330 901 1403 propugnarunt,
932 1315 1008 1401 quid
1025 1319 1085 1384 ian
1104 1311 1275 1401 prohibet,

375 1425 441 1491 quo
452 1402 554 1467 minus
564 1398 679 1468 eodem
688 1400 1130 1468 aduersusBrunanrrrrrvn
1140 1395 1275 1482 potesta·

376 1503 444 1556 tem
459 1485 641 1553 indirectam
649 1482 845 1551 adserentem
853 1483 1006 1552 vtamur?
1028 1479 1100 1563 Qua
1117 1482 1159 1547 de
1167 1500 1216 1551 re.
1234 1491 1277 1546 vt

404 1573 551 1654 eripient
581 1566 721 1645 constet,
750 1568 938 1646 videamus,
978 1568 1094 1652 ecquid
1111 1563 1277 1652 potestatis

373 1588 519 1720 innitur
536 1651 688 1738 apostolia
703 1653 765 1718 luis
776 1653 925 1720 dederit?
946 1646 1111 1737 duplicem
1127 1644 1278 1714 anfuls-

375 1741 409 1805 se
424 1734 610 1835 potestatem
629 1734 750 1800 docent
767 1740 874 1822 pallini
884 1739 1033 1822 plerique
1051 1750 1180 1809 omnes,
1195 1727 1297 1794 ordi··

301 1870 303 1875 -
372 1830 486 1886 'narrant
504 1831 535 1884 at
558 1834 598 1900 ue
615 1818 884 1890 extraordinariam.
924 1817 1122 1886 Iudiredlam
1144 1813 1227 1880 hanc
1246 1814 1279 1878 in

374 1923 467 1991 reget
487 1900 677 1986 potestatem
695 1899 891 1969 hauddubie
915 1900 1202 1988 (quandoquldem
1222 1915 1278 1962 ex·

292 1989 296 1996 '
373 1986 576 2053 traordinarla
594 2003 654 2071 per
682 1979 832 2049 uilracula
857 1987 923 2051 lese
949 1990 1096 2057 exserit)
1125 1982 1166 2045 ad
1192 1979 1279 2046 ordi·

379 2072 493 2135 nariam
518 2066 669 2132 referunt
697 2068 807 2150 'Quod
821 2087 861 2135 an
876 2088 991 2135 verum
1015 2070 1070 2146 fit,
1099 2065 1280 2128 videamus»

378 2152 548 2220 Potestatis
565 2154 740 2220 ordinariae
759 2150 832 2220 tons
851 2166 886 2219 et
901 2166 999 2240 caput
1017 2152 1061 2217 est
1084 2147 1164 2215 verli
1185 2145 1281 2212 diuini

375 2235 584 2326 praedicario,
615 2254 706 2322 quam
742 2239 977 2322 consequuntur
1010 2242 1280 2308 sacramentorum

364 2317 624 2398 administratio,
647 2335 714 2386 turn
750 2321 912 2408 regiminis
937 2322 1013 2386 sacri
1040 2331 1184 2405 partes„
1199 2333 1282 2402 quae

341 2476 343 2479 ,
377 2401 906 2499 extortorio,castigorio,occerjuro
920 2405 1035 2483 diuina,
1057 2415 1096 2469 vt
1108 2403 1281 2465 Taurun-

260 2535 266 2544 .
381 2504 520 2552 tranvs
537 2490 581 2551 ait
596 2508 625 2553 m
643 2489 763 2576 apolog.
781 2485 826 2554 Et
843 2507 1031 2574 quamquam
1060 2484 1205 2572 pascendi
1221 2499 1280 2570 po-

378 2570 574 2638 restauratis
600 2576 665 2638 late
693 2584 822 2658 pateat,
852 2593 917 2640 uon
933 2577 976 2639 itt
1003 2587 1107 2638 tanren
1129 2580 1281 2661 euagatur

376 2654 500 2731 libere,
521 2655 599 2740 quin
616 2660 682 2740 sese
698 2661 779 2724 intra
794 2659 922 2725 eosdem
945 2658 1112 2723 contineat
1138 2654 1277 2732 limites,

376 2740 492 2825 quibus
509 2735 541 2803 ie
559 2738 746 2807 Crrnrsrvs
763 2742 831 2824 ipse
849 2742 1005 2806 continuit
1025 2762 1034 2799 ε
1058 2738 1159 2823 pascit
1172 2747 1280 2800 autem
1314 2767 1317 2772 ·

383 2841 464 2888 oues
492 2820 699 2900 Contione,
729 2836 771 2887 vt
803 2828 916 2906 pascua
943 2824 1135 2889 inuenireut.
1176 2818 1280 2888 Iourt.

372 2926 436 2988 cop.
466 2901 508 2968 X·
535 2926 565 2986 y.
586 2926 618 2984 9.
631 2904 751 2978 uerbum
763 2909 902 2986 scillcet,
954 2923 982 2971 et
1009 2906 1096 2971 viram
1119 2919 1282 2969 aeternam

372 3006 440 3049 oues
456 2985 527 3051 enirn
541 3006 615 3052 meae
633 3010 728 3052 vocem
752 3009 837 3053 meam
864 2990 998 3068 audiunt,
1022 3006 1048 3053 et
1072 3008 1125 3069 ego
1143 2983 1282 3070 cognosco

381 3089 452 3146 eas,
470 3084 496 3130 et
506 3070 658 3154 sequuntur
669 3094 730 3150 mr,
762 3074 887 3138 eroirom
902 3093 1037 3137 oeternum
1053 3073 1091 3135 tlo
1110 3070 1168 3141 eis,
1190 3081 1286 3132 etnort

413 3151 524 3225 ritune,
555 3167 582 3216 et
616 3178 672 3220 non
687 3156 782 3242 rapiet
803 3178 850 3220 eas
881 3157 1024 3243 quisquam
1047 3156 1079 3218 de
1103 3176 1181 3217 manu
1211 3171 1280 3215 mea.

255 3286 258 3293 ,
373 3255 484 3300 -oarar
506 3253 568 3323 cap·
588 3237 631 3304 Χ.
652 3261 680 3304 ιν.
703 3258 755 3324 27.
778 3241 873 3308 Hauc
898 3241 1113 3326 amplillrnraru
1139 3240 1171 3302 in
1190 3237 1280 3385 spirl-

377 3319 520 3386 tualibus
536 3321 743 3403 potestaten,
774 3344 867 3408 quam
894 3330 939 3391 eis
957 3319 1091 3389 deditior
1116 3320 1195 3386 Chri
1223 3339 1278 3397 ua,

374 3406 408 3469 in
423 3404 652 3488 temporalibus
669 3418 783 3484 tamen.
806 3423 840 3475 et
858 3408 1008 3474 ciuilibus
1026 3405 1106 3472 nihil
1115 3409 1178 3490 jeie-
1187 3421 1279 3489 prae·

276 3497 278 3500 ·
378 3487 490 3572 ceplt‚
508 3506 602 3580 quarn
610 3500 651 3558 vt
668 3508 790 3576 morem
800 3506 911 3578 gerant
917 3493 986 3572 eis,
1007 3493 1063 3577 qui
1077 3506 1183 3568 rerum
1195 3491 1280 3568 iiim·

376 3586 427 3634 ma
443 3570 631 3654 potirentur.
674 3572 776 3652 quue
806 3575 926 3655 docere
945 3577 1206 3657 'voluit=·quttm
1221 3587 1278 3660 ap·

344 3681 347 3686 ·
377 3651 536 3747 Mavult.
553 3653 904 3743 cap.XXII.21·dixit.
915 3658 1203 3741 Redditeergofflae
1213 3657 1281 3744 saut

304 3753 306 3762 ·
378 3734 501 3813 eatstzrrs
519 3739 644 3818 caelari,
664 3757 692 3802 er
708 3759 784 3823 quae·
799 3740 862 3807 Dei
888 3743 968 3810 Deo.
1007 3745 1112 3806 Porro
1129 3757 1202 3805 cum
1220 3737 1278 3812 dq-

336 3836 339 3841 ·
380 3817 549 3890 nuntiaffet
565 3826 752 3892 Canrsrva
776 3824 912 3912 apostolis
923 3826 987 3906 suis
1003 3828 1103 3902 mala,
1123 3841 1206 3909 quae
1228 3821 1278 3886 eu

301 3983 303 3990 Ι
380 3903 546 3980 imminere
562 3906 779 3994 praeuiderat,
800 3909 960 3975 Moron.
980 3929 1042 3995 cap,
1060 3905 1104 3974 X.
1121 3928 1150 3971 ν.
1171 3913 1218 3982 18·
1238 3983 1242 3988 .

373 3977 540 4078 praesides,
561 4005 589 4052 er
604 4005 685 4071 reges
701 3990 847 4064 decenni.
889 3994 1028 4076 Prirnutn
1056 3992 1104 4068 eis
1116 4005 1279 4060 commen·

378 4071 433 4137 dat
453 4083 596 4158 apertam
612 4071 774 4140 doetrinae
783 4075 1026 4162 profeffiouemr
1049 4073 1139 4169 Quod
1152 4073 1279 4137 dicord-

382 4154 428 4218 bis
438 4153 471 4238 ¹in
488 4154 624 4236 rororis,
646 4156 733 4225 dicire
751 4160 780 4225 in
797 4160 916 4243 tramine,
936 4167 965 4226 'et
982 4163 1064 4249 quoii¹
1072 4163 1185 4231 tooure
1195 4155 1278 4237 audi*

374 4295 378 4306 .
1168 4267 1229 4326 trs,
