3200 5092
302 585 375 667 134
432 569 832 646 Ivnrsonvoruurarr
854 563 1232 669 Ecctesrnarrcaa,

380 752 451 831 bus,
469 757 587 836 peretola
601 745 778 813 multitudine
794 747 1029 833 dffeatierttirnu
1049 752 1227 838 dequibus
1245 711 1290 826 vt
1313 759 1320 770 ’

379 854 421 899 ne
452 840 580 921 longior
611 831 683 913 iim,
711 834 744 897 io
766 833 1038 921 praelatiionibus
1061 843 1217 922 quaedam
1239 841 1289 910 dt·

379 938 503 987 cemus·

556 1197 559 1208 Ι
639 1082 679 1186 ς.
724 1084 933 1164 ccxxvi.

299 1289 410 1393 Quid
429 1286 562 1392 religio
587 1285 828 1399 adprobata,
849 1288 1040 1391 tolerata,
1064 1260 1285 1401 reprobator¹

380 1483 469 1559 Hoc
499 1472 676 1580 respebtu
702 1479 847 1585 triplex
872 1478 914 1556 in
939 1480 1136 1582 republica
1162 1479 1288 1558 distin·

294 1584 362 1693 gui
379 1579 520 1689 religio
535 1582 677 1685 potest,
700 1576 939 1685 adprobata,
959 1580 1147 1675 tolerata,
1173 1603 1216 1663 et
1231 1603 1284 1660 re·

287 1685 472 1808 probata.
542 1688 785 1805 Quamquam
809 1685 912 1805 enim
926 1711 1040 1803 'vera
1066 1684 1209 1790 religio
1237 1687 1285 1766 ael

292 1791 352 1972 ll
360 1787 630 1996 tillut?
637 1791 1285 2010 triturarentur

293 2023 373 2208 pipp
374 1991 707 2204 figgfflamgggge}
704 2020 775 2176 utirp
780 2011 941 2074 ciuitate
961 1993 1169 2074 discrimen
1188 1989 1284 2074 istud

293 2284 484 2370 Reprobatam
512 2286 652 2351 ciuiliter
683 2284 872 2371 religionem
893 2302 964 2350 eam
993 2301 1107 2362 voco,
1136 2301 1222 2367 quae
1243 2288 1286 2351 in·

376 2369 561 2435 troducitur
578 2373 611 2435 in
627 2373 797 2455 republica
818 2371 924 2434 inulto
943 2389 1005 2443 eo,
1035 2370 1089 2453 qui
1117 2369 1286 2451 imperium

375 2456 529 2520 summum
539 2469 650 2535 tenet,
668 2466 766 2540 atque
776 2458 947 2520 renitente.
964 2494 966 2504 .
990 2454 1185 2537 Exemplum
1198 2473 1288 2539 prae·

376 2538 456 2604 bent
470 2538 629 2605 christiani
659 2542 755 2606 trium
788 2542 965 2623 primorum
989 2539 1185 2609 seculorum,
1213 2537 1290 2602 dum

375 2622 512 2708 gentiles
527 2626 739 2708 imperatores
755 2626 930 2703 lupremam
941 2621 1125 2686 obtinerent
1145 2620 1286 2705 potesta·

375 2720 454 2771 tem.
506 2708 651 2775 Ecclesra
675 2708 824 2791 quamdiu
850 2706 914 2770 boc
940 2707 971 2767 in
998 2704 1077 2772 statu
1104 2702 1170 2781 est,
1195 2705 1287 2769 nullo

374 2788 491 2855 fruitur
508 2793 668 2857 communi
688 2793 757 2854 iure
777 2790 917 2866 ciuium,
936 2806 1073 2869 quorum
1100 2790 1131 2851 in
1152 2803 1286 2852 numero

376 2891 442 2937 non
456 2874 613 2941 habentur
632 2872 737 2939 eidem
763 2871 893 2944 addim.
940 2869 1093 2935 Tolerarae
1121 2874 1284 2958 religionia

379 2957 461 3021 duae
480 2960 552 3022 sunt
576 2960 700 3041 species
729 2957 820 3036 eius,
852 2975 934 3042 quae
961 2955 1110 3036 graiium,
1137 2968 1174 3022 et
1199 2975 1284 3040 quaa

376 3035 527 3121 necessaria
544 3040 662 3124 gaudet
677 3039 860 3106 tolerantia.
904 3040 1009 3107 liuius
1030 3043 1096 3103 iura
1125 3059 1169 3104 ex
1194 3055 1286 3110 trote

375 3122 485 3185 «aione
504 3123 645 3206 petenda
666 3127 736 3189 llrnt
760 3124 866 3191 lanece
893 3124 1035 3205 vtique,
1069 3134 1103 3188 et
1131 3123 1284 3190 inuiolata

349 3206 557 3274 ‘seruandae
588 3207 675 3273 itlius
700 3210 897 3275 exercitium
922 3207 1019 3271 valde
1043 3207 1124 3271 solet
1150 3205 1215 3274 elle
1240 3225 1287 3272 re·

375 3288 540 3368 linitum,
563 3304 598 3355 et
627 3294 772 3376 priuatos
802 3293 914 3358 saltem
937 3293 1020 3354 intra
1045 3293 1186 3373 parietes
1211 3307 1286 3357 cone

375 3371 502 3442 celsum.
545 3373 627 3440 Iuris
645 3387 750 3441 tamen
771 3377 874 3441 tutela
900 3393 964 3437 non
993 3375 1123 3440 omnino
1147 3375 1286 3441 demmi-

376 3470 439 3525 tur.
481 3464 530 3523 At
546 3457 763 3525 hiromnibue
781 3460 901 3543 gaudet
917 3457 1095 3544 adprobata,
1115 3460 1287 3606 quaepub

374 3545 456 3608 licae
482 3543 685 3627 reipublicae
712 3542 951 3630 adprobatione
971 3541 1147 3609 sustinetur.
1226 3559 1285 3608 aec

373 3625 510 3774 publico
528 3630 650 3706 utitur,
672 3627 844 3713 liberoque
862 3628 1042 3706 exercitio,
1074 3624 1193 3712 gaudet
1210 3628 1285 3692 iuri·

400 3724 436 3773 us
460 3708 633 3790 omuibus,
670 3729 752 3797 quae
779 3712 852 3776 aliis
879 3714 1023 3795 personis
1055 3714 1088 3776 in
1113 3707 1285 3792 republica

374 3803 581 3875 competunt,
603 3797 694 3867 imo,
720 3804 755 3857 et
804 3794 984 3877 niumagun,
1014 3793 1286 3869 immunitatibus,

376 3896 457 3962 quae
471 3876 540 3938 aliis
557 3874 660 3942 facile.
672 3813 810 3942 centeii
826 3891 892 3941 non
903 3880 1018 3946 solent.
1062 3881 1177 3961 Atque
1196 3876 1283 3954 hinc,

374 3974 417 4027 vt
448 3959 512 4025 hoc
538 3960 646 4024 obiter
661 3979 836 4032 moneam,
856 3963 992 4045 intelligi
1021 3960 1154 4041 potest,
1187 3977 1284 4046 quem

375 4050 467 4110 vium
492 4042 620 4192 piuilem
641 4042 713 4111 libri
728 4044 881 4109 Simbolici
905 4044 1061 4118 habeant,
1092 4045 1220 4128 quade
1248 4062 1285 4109 ra

381 4131 458 4196 alibi
473 4147 497 4215 p
513 4144 578 4193 ura.

957 4261 995 4369 g.
1013 4265 1236 4346 crxxvu.
