3200 5092
663 532 942 614 Pnusl.
1119 545 1121 550 ’
1215 543 1286 629 281
1372 509 1425 528 Ἀ

298 721 451 809 ximam
465 721 619 802 adferre
637 722 850 803 utilitatem
869 716 1006 825 potest&
1033 720 1089 816 ita
1101 718 1199 799 inea
1214 716 1295 798 non

297 828 380 923 fine
401 825 581 909 cautione
600 825 832 927 versandum
849 824 1038 918 efferedie
1052 820 1296 928 praecipiunt
1417 905 1421 914 ,

298 935 439 1015 hairum
468 954 598 1009 rerum
627 930 758 1035 periti·
811 938 939 1036 Atque
977 928 1076 1007 illud
1101 923 1297 1031 imprimis

271 1036 463 1130 uincendi
483 1032 633 1139 sumus,
668 1033 734 1136 qui
762 1033 837 1114 srnt
863 1054 1045 1114 veterum
1071 1028 1297 1133 scriptores,

276 1139 340 1219 -in
362 1164 527 1245 quorum
544 1138 807 1218 monumentis
825 1134 1053 1219 euoluendis
1069 1158 1203 1212 curam
1217 1158 1297 1225 orn·

287 1260 551 1347 memetque
573 1244 737 1345 operam
749 1242 1012 1355 collocandam
1019 1234 1100 1325 ,elle
1116 1234 1299 1320 dixlnu.

286 1448 377 1519 llos
398 1450 537 1535 triplicis
552 1450 681 1537 generis
695 1446 834 1521 faciunt:
855 1449 1003 1514 Pnrnrs
1021 1458 1160 1527 vocant,
1184 1444 1300 1531 inqui·

392 1533 453 1617 bue
479 1532 526 1599 est
550 1535 726 1606 eminentia
754 1531 910 1616 quaedam
937 1531 1049 1615 officii,
1080 1546 1114 1600 et
1148 1529 1302 1616 dignitatis

385 1629 455 1682 tum
470 1619 597 1702 aetatis,
617 1635 720 1706 porro
721 1617 880 1699 scientiae,
902 1618 1045 1702 denique
1053 1618 1149 1683 etiam
1165 1613 1302 1698 conscien-

383 1701 461 1779 tiae,
484 1716 527 1766 vt
542 1704 708 1791 eleganter
726 1703 838 1767 scribit
864 1706 1047 1767 nunnus
1076 1702 1250 1794 Rrvurvo
1271 1696 1302 1763 rit
1332 1718 1333 1722 ¹

377 1786 464 1848 traci.
480 1784 513 1848 de
526 1804 606 1871 porr.
626 1785 762 1854 au‘c‘lorir.
782 1806 847 1871 cap.
878 1805 917 1849 ι.
949 1788 1085 1852 Praeter
1113 1799 1220 1851 autent
1237 1786 1304 1851 ani·

289 1883 291 1890 ·
382 1870 445 1943 mi,
465 1869 650 1955 ingeniiqce
667 1868 764 1935 dotes
780 1873 815 1937 in
832 1887 1072 1936 nocronruvs
1097 1868 1194 1937 etiam
1219 1869 1304 1935 eccle·

278 1985 280 1990 ·
372 1954 440 2035 fiae
455 1954 682 2023 auctoritatem
708 1956 886 2039 requirunt.
919 1955 988 2022 'Ex
1013 1952 1083 2029 his,
1111 1957 1168 2036 qui
1190 1950 1305 2020 nostris

298 2113 306 2118 ,
349 2110 353 2116 ,
381 2038 587 2121 temporibus
607 2034 806 2118 viciniores,
828 2038 976 2124 adeoque
993 2055 1031 2103 ea
1048 2040 1162 2104 aetatis
1170 2056 1306 2127 praero-

384 2122 489 2205 gatiua
520 2121 760 2200 destituuntur,
787 2121 911 2188 rediius
939 2124 1032 2187 alunt
1056 2121 1306 2188 Pauuaoouos
1387 2149 1390 2153 ·

293 2205 296 2210 '
382 2206 549 2289 adpellari.
603 2210 762 2278 Ceterum
780 2206 917 2274 ecclesia
933 2206 1101 2273 orientalis
1116 2209 1305 2273 Docuoms
1351 2261 1356 2286 ,

382 2289 590 2356 Eccrusrnn
610 2293 741 2358 titulum
758 2293 938 2375 praecipue
954 2291 1072 2357 tribuit
1097 2291 1156 2355 88.
1178 2296 1307 2357 Arna·

326 2406 328 2409 ·
384 2390 517 2452 aratro,
559 2376 738 2450 unsrun,
778 2373 1306 2453 Grruoonroanzranzuno,
1344 2435 1348 2440 .

271 2462 274 2468 '
385 2468 420 2522 et
434 2452 578 2522 Ioannr
601 2460 905 2524 Cnnrsosronr0=
927 2456 1139 2525 occidentalis
1155 2459 1212 2523 88.
1235 2464 1307 2522 Av-

310 2595 320 2614 ,
389 2546 809 2618 evsr1u0,Amnuosro‚
826 2542 1088 2621 Hranonrnro,
1105 2543 1308 2608 Gnunonro

386 2624 442 2690 Μ.
462 2626 582 2708 quibus
598 2631 688 2690 aetas
706 2626 870 2689 recentior
886 2624 920 2687 8.
943 2625 1119 2690 Turonum
1137 2632 1309 2705 Aquna·

345 2774 348 2781 ,
388 2728 470 2773 neu
498 2721 532 2774 et
559 2709 593 2774 8.
618 2712 949 2773 Bouuvnnuunau
973 2709 1148 2776 adcensuit.
1191 2710 1255 2775 Ille
1289 2728 1310 2776 ι

348 2866 352 2873 ,
387 2791 458 2857 P1o
473 2794 516 2858 V.
539 2792 578 2855 P.
594 2792 649 2857 hic
666 2793 784 2857 erro
812 2793 855 2857 V.
874 2791 1001 2858 eodem
1018 2791 1148 2859 honore
1178 2789 1310 2873 speciali

301 2879 304 2887 '
387 2876 480 2942 bulla
496 2874 645 2941 donatum
689 2876 1072 2974 Scriptapatrumomnia
1090 2877 1328 2961 an'tl'untdog·¹

304 3017 306 3022 .
389 2962 515 3037 marica,
561 2972 617 3025 aut
634 2956 876 3041 iexloriasorra,
906 2958 1101 3047 possuntque
1130 2964 1165 3026 in
1186 2966 1312 3050 species

395 3044 475 3111 od’to
503 3042 621 3110 erade
648 3040 774 3110 referri.
820 3043 998 3128 catecheses,
1028 3046 1170 3111 tractatus
1191 3042 1319 3139 polani·'

302 3149 305 3158 ·
391 3149 461 3208 cos,
480 3128 655 3225 apologias,
668 3124 828 3205 ,homilium
844 3144 872 3193 et
881 3129 1046 3210 semones,
1063 3127 1216 3215 epistolas,
1237 3154 1313 3196 corn·

301 3232 305 3240 ’
389 3229 548 3293 memma,
569 3209 706 3293 historias
733 3211 959 3297 ecclqfiaflicds,
988 3229 1016 3277 et
1031 3234 1122 3300 opera
1147 3213 1208 3278 olio
1226 3215 1314 3301 pieto-

387 3295 439 3360 εἰς.
461 3300 514 3361 De
525 3297 641 3382 quibus
659 3295 1150 3385 nonnullainpraelettionibus
1162 3298 1317 3364 dicemus.

308 3410 312 3421 ·
391 3380 641 3447 Aduertendum
683 3391 789 3445 auten
800 3380 928 3461 estnon
940 3384 1045 3445 omnia
1060 3393 1186 3467 patrum
1195 3385 1314 3470 scripta

389 3464 467 3530 iuris
487 3463 688 3538 ecclefiasticl
706 3462 848 3531 studioso
861 3462 1034 3530 necessaria
1055 3462 1136 3533 esse.
1180 3467 1258 3547 Alia
1275 3464 1317 3533 ad

392 3548 700 3637 iurisprudentiam,
722 3550 783 3613 alia
802 3548 843 3613 ad
862 3548 1024 3613 historiam
1040 3555 1233 3638 pertinent,
1255 3567 1319 3633 qua

392 3631 434 3699 de
453 3653 499 3711 re,
524 3647 564 3699 vt
588 3645 623 3697 et
633 3629 809 3706 eorundem
826 3630 1038 3719 legendorum
1067 3634 1180 3703 ordine
1207 3638 1319 3701 consu·

395 3715 511 3784 lendus
529 3716 575 3784 est
590 3717 873 3782 Mamer-omos
890 3715 1018 3782 intrati.
1035 3714 1069 3783 de
1076 3716 1155 3803 stud.
1173 3716 1317 3803 monqllic.

287 3829 291 3834 ·
396 3820 461 3889 cap.
488 3819 517 3885 3.

651 4272 679 4356 8
703 4298 729 4377 5
844 4221 870 4291 '¹
963 4274 1035 4379 ¹S.
1054 4232 1261 4356 ,CCCXlX
