<?xml version="1.0" encoding="UTF-8"?>
<!DOCTYPE html PUBLIC "-//W3C//DTD XHTML 1.0 Transitional//EN"
    "http://www.w3.org/TR/xhtml1/DTD/xhtml1-transitional.dtd">
<html xmlns="http://www.w3.org/1999/xhtml" xml:lang="en" lang="en">
 <head>
  <title>
</title>
<meta http-equiv="Content-Type" content="text/html;charset=utf-8" />
  <meta name='ocr-system' content='tesseract 3.04.00' />
  <meta name='ocr-capabilities' content='ocr_page ocr_carea ocr_par ocr_line ocrx_word'/>
</head>
<body>
  <div class='ocr_page' id='page_1' title='image "./institutionumiu00canogoog_0195.png"; bbox 0 0 3200 5092; ppageno 0'>
   <div class='ocr_carea' id='block_1_1' title="bbox 317 529 1271 673">
    <p class='ocr_par' dir='ltr' id='par_1_1' title="bbox 317 529 1271 673">
     <span class='ocr_line' id='line_1_1' title="bbox 317 529 1271 673; baseline 0.009 -34"><span class='ocrx_word' id='word_1_1' title='bbox 317 561 395 640; x_wconf 75' lang='lat'>206·</span> <span class='ocrx_word' id='word_1_2' title='bbox 416 529 836 643; x_wconf 73' lang='lat' dir='ltr'>lvnnr&#39;nvornrrnr</span> <span class='ocrx_word' id='word_1_3' title='bbox 862 557 1271 673; x_wconf 67' lang='lat' dir='ltr'>Eccuusrasrlcap,</span> 
     </span>
    </p>
   </div>
   <div class='ocr_carea' id='block_1_2' title="bbox 301 745 1312 2085">
    <p class='ocr_par' dir='ltr' id='par_1_2' title="bbox 388 745 1312 1510">
     <span class='ocr_line' id='line_1_2' title="bbox 392 745 1312 841; baseline 0.013 -28"><span class='ocrx_word' id='word_1_4' title='bbox 392 745 550 824; x_wconf 82' lang='lat' dir='ltr'>concilia,</span> <span class='ocrx_word' id='word_1_5' title='bbox 583 745 840 826; x_wconf 73' lang='lat' dir='ltr'>calidianus,</span> <span class='ocrx_word' id='word_1_6' title='bbox 867 745 933 816; x_wconf 82' lang='lat' dir='ltr'>ime</span> <span class='ocrx_word' id='word_1_7' title='bbox 957 750 1086 818; x_wconf 81' lang='lat' dir='ltr'>scientia</span> <span class='ocrx_word' id='word_1_8' title='bbox 1109 755 1312 841; x_wconf 82' lang='lat' dir='ltr'>pontificum</span> 
     </span>
     <span class='ocr_line' id='line_1_3' title="bbox 391 828 1312 920; baseline 0.012 -24"><span class='ocrx_word' id='word_1_9' title='bbox 391 831 434 896; x_wconf 82' lang='lat' dir='ltr'>ab</span> <span class='ocrx_word' id='word_1_10' title='bbox 455 828 702 920; x_wconf 76' lang='lat' dir='ltr'>imperatoribus</span> <span class='ocrx_word' id='word_1_11' title='bbox 719 844 899 899; x_wconf 87' lang='lat' dir='ltr'>conuocata</span> <span class='ocrx_word' id='word_1_12' title='bbox 923 832 1003 913; x_wconf 77' lang='lat' dir='ltr'>sant,</span> <span class='ocrx_word' id='word_1_13' title='bbox 1033 837 1067 901; x_wconf 84' lang='lat' dir='ltr'>ld</span> <span class='ocrx_word' id='word_1_14' title='bbox 1091 835 1167 904; x_wconf 81' lang='lat' dir='ltr'>satis</span> <span class='ocrx_word' id='word_1_15' title='bbox 1211 842 1312 914; x_wconf 74' lang='lat' dir='ltr'>robae</span> 
     </span>
     <span class='ocr_line' id='line_1_4' title="bbox 392 912 1312 1004; baseline 0.018 -26"><span class='ocrx_word' id='word_1_16' title='bbox 392 926 433 979; x_wconf 84' lang='lat' dir='ltr'>vt</span> <span class='ocrx_word' id='word_1_17' title='bbox 457 918 569 1000; x_wconf 88' lang='lat' dir='ltr'>paullo</span> <span class='ocrx_word' id='word_1_18' title='bbox 589 912 660 1001; x_wconf 86' lang='lat' dir='ltr'>post</span> <span class='ocrx_word' id='word_1_19' title='bbox 680 916 876 982; x_wconf 86' lang='lat' dir='ltr'>videbimus.</span> <span class='ocrx_word' id='word_1_20' title='bbox 927 917 1012 998; x_wconf 88' lang='lat' dir='ltr'>Quin</span> <span class='ocrx_word' id='word_1_21' title='bbox 1031 919 1100 1004; x_wconf 87' lang='lat' dir='ltr'>ipse</span> <span class='ocrx_word' id='word_1_22' title='bbox 1127 923 1160 988; x_wconf 89' lang='lat' dir='ltr'>id</span> <span class='ocrx_word' id='word_1_23' title='bbox 1218 938 1312 994; x_wconf 81' lang='lat' dir='ltr'>tetur</span> 
     </span>
     <span class='ocr_line' id='line_1_5' title="bbox 391 997 1312 1093; baseline 0.018 -33"><span class='ocrx_word' id='word_1_24' title='bbox 391 1018 452 1093; x_wconf 77' lang='lat' dir='ltr'>cap.</span> <span class='ocrx_word' id='word_1_25' title='bbox 467 997 516 1064; x_wconf 89' lang='lat' dir='ltr'>II.</span> <span class='ocrx_word' id='word_1_26' title='bbox 527 1001 557 1083; x_wconf 63' lang='lat' dir='ltr'>l.</span> <span class='ocrx_word' id='word_1_27' title='bbox 567 1020 597 1075; x_wconf 82' lang='lat'>4</span> <span class='ocrx_word' id='word_1_28' title='bbox 621 1018 647 1062; x_wconf 88' lang='lat' dir='ltr'>n.</span> <span class='ocrx_word' id='word_1_29' title='bbox 665 1013 696 1078; x_wconf 79' lang='grc'>5.·</span> <span class='ocrx_word' id='word_1_30' title='bbox 707 998 738 1061; x_wconf 90' lang='lat' dir='ltr'>in</span> <span class='ocrx_word' id='word_1_31' title='bbox 745 999 802 1079; x_wconf 83' lang='lat' dir='ltr'>fin.</span> <span class='ocrx_word' id='word_1_32' title='bbox 827 999 897 1068; x_wconf 86' lang='lat' dir='ltr'>vld.</span> <span class='ocrx_word' id='word_1_33' title='bbox 917 1007 1073 1067; x_wconf 77' lang='lat' dir='ltr'>Avcron</span> <span class='ocrx_word' id='word_1_34' title='bbox 1089 1008 1312 1078; x_wconf 57' lang='lat' dir='ltr'>anonim</span> 
     </span>
     <span class='ocr_line' id='line_1_6' title="bbox 391 1079 1312 1177; baseline 0.017 -34"><span class='ocrx_word' id='word_1_35' title='bbox 391 1079 510 1161; x_wconf 71' lang='lat' dir='ltr'>histoire</span> <span class='ocrx_word' id='word_1_36' title='bbox 527 1083 564 1146; x_wconf 80' lang='lat' dir='ltr'>du</span> <span class='ocrx_word' id='word_1_37' title='bbox 582 1081 662 1145; x_wconf 81' lang='lat' dir='ltr'><em>droit</em></span> <span class='ocrx_word' id='word_1_38' title='bbox 678 1085 849 1170; x_wconf 72' lang='lat' dir='ltr'>turonique,</span> <span class='ocrx_word' id='word_1_39' title='bbox 871 1100 899 1148; x_wconf 84' lang='lat' dir='ltr'>er</span> <span class='ocrx_word' id='word_1_40' title='bbox 913 1103 1130 1167; x_wconf 79' lang='lat' dir='ltr'>gonnernemeut</span> <span class='ocrx_word' id='word_1_41' title='bbox 1143 1086 1178 1152; x_wconf 84' lang='lat' dir='ltr'>de</span> <span class='ocrx_word' id='word_1_42' title='bbox 1196 1092 1312 1177; x_wconf 69' lang='lat' dir='ltr'>degb&#39;je</span> 
     </span>
     <span class='ocr_line' id='line_1_7' title="bbox 389 1165 1311 1347; baseline 0.014 -33"><span class='ocrx_word' id='word_1_43' title='bbox 389 1165 899 1347; x_wconf 46' lang='lat' dir='ltr'>tradideras·</span> <span class='ocrx_word' id='word_1_44' title='bbox 914 1171 1311 1326; x_wconf 51' lang='lat' dir='ltr'>:indidiari</span> 
     </span>
     <span class='ocr_line' id='line_1_8' title="bbox 391 1333 1301 1422; baseline 0.011 -26"><span class='ocrx_word' id='word_1_45' title='bbox 391 1354 498 1398; x_wconf 74' lang='lat' dir='ltr'>vias.</span> <span class='ocrx_word' id='word_1_46' title='bbox 508 1351 641 1422; x_wconf 70' lang='lat' dir='ltr'>praecor.</span> <span class='ocrx_word' id='word_1_47' title='bbox 663 1354 718 1401; x_wconf 83' lang='lat' dir='ltr'>rur.</span> <span class='ocrx_word' id='word_1_48' title='bbox 738 1357 800 1402; x_wconf 86' lang='lat' dir='ltr'>cun.</span> <span class='ocrx_word' id='word_1_49' title='bbox 829 1337 877 1407; x_wconf 80' lang='lat' dir='ltr'>lib.</span> <span class='ocrx_word' id='word_1_50' title='bbox 895 1333 942 1401; x_wconf 88' lang='lat' dir='ltr'>II.</span> <span class='ocrx_word' id='word_1_51' title='bbox 963 1356 989 1402; x_wconf 81' lang='lat' dir='ltr'>e.</span> <span class='ocrx_word' id='word_1_52' title='bbox 1009 1336 1037 1400; x_wconf 85' lang='lat'>1.</span> <span class='ocrx_word' id='word_1_53' title='bbox 1054 1336 1085 1417; x_wconf 64' lang='lat' dir='ltr'>i.</span> <span class='ocrx_word' id='word_1_54' title='bbox 1101 1344 1132 1411; x_wconf 84' lang='grc'>6.</span> <span class='ocrx_word' id='word_1_55' title='bbox 1151 1339 1187 1403; x_wconf 79' lang='lat' dir='ltr'>ia</span> <span class='ocrx_word' id='word_1_56' title='bbox 1201 1341 1243 1404; x_wconf 81' lang='lat' dir='ltr'>ud</span> <span class='ocrx_word' id='word_1_57' title='bbox 1255 1341 1301 1406; x_wconf 80' lang='lat' dir='ltr'>ins</span> 
     </span>
     <span class='ocr_line' id='line_1_9' title="bbox 388 1417 1299 1510; baseline 0.008 -26"><span class='ocrx_word' id='word_1_58' title='bbox 388 1435 631 1504; x_wconf 77' lang='lat' dir='ltr'>communemque</span> <span class='ocrx_word' id='word_1_59' title='bbox 650 1417 831 1502; x_wconf 70' lang='lat' dir='ltr'>ordiooriron</span> <span class='ocrx_word' id='word_1_60' title='bbox 849 1421 901 1505; x_wconf 66' lang='lat' dir='ltr'>effe</span> <span class='ocrx_word' id='word_1_61' title='bbox 924 1418 1104 1502; x_wconf 74' lang='lat' dir='ltr'>referendum</span> <span class='ocrx_word' id='word_1_62' title='bbox 1146 1423 1299 1510; x_wconf 80' lang='lat' dir='ltr'>Namque</span> 
     </span>
    </p>

    <p class='ocr_par' dir='ltr' id='par_1_3' title="bbox 301 1504 1300 2085">
     <span class='ocr_line' id='line_1_10' title="bbox 301 1504 1300 1604; baseline 0.008 -37"><span class='ocrx_word' id='word_1_63' title='bbox 301 1593 303 1602; x_wconf 27' lang='grc' dir='ltr'>Ι</span> <span class='ocrx_word' id='word_1_64' title='bbox 387 1508 617 1603; x_wconf 30' lang='grc' dir='ltr'>ῑυηῑιαὶίοᾳυίη</span> <span class='ocrx_word' id='word_1_65' title='bbox 634 1508 741 1582; x_wconf 84' lang='lat' dir='ltr'>caius,</span> <span class='ocrx_word' id='word_1_66' title='bbox 759 1507 850 1589; x_wconf 83' lang='lat' dir='ltr'><strong>queis</strong></span> <span class='ocrx_word' id='word_1_67' title='bbox 869 1505 1033 1601; x_wconf 76' lang='lat' dir='ltr'>neceffitas</span> <span class='ocrx_word' id='word_1_68' title='bbox 1050 1504 1300 1604; x_wconf 80' lang='lat' dir='ltr'>eccleliaeallud</span> 
     </span>
     <span class='ocr_line' id='line_1_11' title="bbox 387 1586 1300 1766; baseline 0.003 -27"><span class='ocrx_word' id='word_1_69' title='bbox 387 1602 519 1739; x_wconf 63' lang='lat' dir='ltr'>elai.</span> <span class='ocrx_word' id='word_1_70' title='bbox 541 1590 797 1754; x_wconf 59' lang='lat' dir='ltr'>liiidie</span> <span class='ocrx_word' id='word_1_71' title='bbox 812 1586 911 1735; x_wconf 66' lang='lat' dir='ltr'>elii.</span> <span class='ocrx_word' id='word_1_72' title='bbox 924 1588 1300 1766; x_wconf 41' lang='lat' dir='ltr'>dabellii&amp;</span> 
     </span>
     <span class='ocr_line' id='line_1_12' title="bbox 389 1756 1298 1845; baseline 0.001 -21"><span class='ocrx_word' id='word_1_73' title='bbox 389 1759 446 1845; x_wconf 82' lang='lat' dir='ltr'>ipsi</span> <span class='ocrx_word' id='word_1_74' title='bbox 469 1773 599 1840; x_wconf 86' lang='lat' dir='ltr'>quoque</span> <span class='ocrx_word' id='word_1_75' title='bbox 617 1756 762 1841; x_wconf 76' lang='lat' dir='ltr'>episcopi</span> <span class='ocrx_word' id='word_1_76' title='bbox 782 1758 861 1823; x_wconf 90' lang='lat' dir='ltr'>citra</span> <span class='ocrx_word' id='word_1_77' title='bbox 885 1772 1009 1820; x_wconf 86' lang='lat' dir='ltr'>omnem</span> <span class='ocrx_word' id='word_1_78' title='bbox 1027 1760 1298 1824; x_wconf 76' lang='lat' dir='ltr'>coruscationem</span> 
     </span>
     <span class='ocr_line' id='line_1_13' title="bbox 391 1836 1297 1922; baseline -0.001 -13"><span class='ocrx_word' id='word_1_79' title='bbox 391 1854 523 1913; x_wconf 81' lang='lat' dir='ltr'>coeant,</span> <span class='ocrx_word' id='word_1_80' title='bbox 546 1837 624 1922; x_wconf 87' lang='lat' dir='ltr'>quid</span> <span class='ocrx_word' id='word_1_81' title='bbox 651 1841 787 1920; x_wconf 88' lang='lat' dir='ltr'>impedit</span> <span class='ocrx_word' id='word_1_82' title='bbox 804 1837 823 1906; x_wconf 79' lang='lat' dir='ltr'>‘i</span> <span class='ocrx_word' id='word_1_83' title='bbox 843 1842 916 1903; x_wconf 78' lang='lat' dir='ltr'>nne</span> <span class='ocrx_word' id='word_1_84' title='bbox 940 1841 984 1906; x_wconf 86' lang='lat' dir='ltr'>ita</span> <span class='ocrx_word' id='word_1_85' title='bbox 1008 1836 1194 1906; x_wconf 71' lang='lat' dir='ltr'>fadumnb</span> <span class='ocrx_word' id='word_1_86' title='bbox 1219 1843 1297 1908; x_wconf 84' lang='lat' dir='ltr'>autl-</span> 
     </span>
     <span class='ocr_line' id='line_1_14' title="bbox 388 1921 1295 2015; baseline 0.001 -24"><span class='ocrx_word' id='word_1_87' title='bbox 388 1924 536 2008; x_wconf 82' lang='lat' dir='ltr'>quiffinris</span> <span class='ocrx_word' id='word_1_88' title='bbox 556 1934 644 2015; x_wconf 29' lang='lat' dir='ltr'>tem·</span> <span class='ocrx_word' id='word_1_89' title='bbox 671 1921 777 2003; x_wconf 88' lang='lat' dir='ltr'>ribus;</span> <span class='ocrx_word' id='word_1_90' title='bbox 803 1921 942 2009; x_wconf 81' lang='lat' dir='ltr'>pulchre</span> <span class='ocrx_word' id='word_1_91' title='bbox 959 1922 1189 1994; x_wconf 82' lang='lat' dir='ltr'>denonllnult</span> <span class='ocrx_word' id='word_1_92' title='bbox 1203 1927 1295 1992; x_wconf 81' lang='grc' dir='ltr'><strong>Τιο·</strong></span> 
     </span>
     <span class='ocr_line' id='line_1_15' title="bbox 389 2000 719 2085; baseline 0.009 -18"><span class='ocrx_word' id='word_1_93' title='bbox 389 2026 517 2076; x_wconf 68' lang='lat' dir='ltr'>Milli·</span> <span class='ocrx_word' id='word_1_94' title='bbox 538 2003 590 2068; x_wconf 72' lang='lat' dir='ltr'>cii.</span> <span class='ocrx_word' id='word_1_95' title='bbox 636 2000 719 2085; x_wconf 75' lang='lat' dir='ltr'><strong><em>ffert.</em></strong></span> 
     </span>
    </p>
   </div>
   <div class='ocr_carea' id='block_1_3' title="bbox 426 2202 1182 2481">
    <p class='ocr_par' dir='ltr' id='par_1_4' title="bbox 426 2202 1182 2481">
     <span class='ocr_line' id='line_1_16' title="bbox 618 2202 1092 2311; baseline -0.015 -25"><span class='ocrx_word' id='word_1_96' title='bbox 618 2204 660 2311; x_wconf 67' lang='grc' dir='ltr'>ς.</span> <span class='ocrx_word' id='word_1_97' title='bbox 687 2202 960 2285; x_wconf 86' lang='lat' dir='ltr'>CCXXXVIII.</span> <span class='ocrx_word' id='word_1_98' title='bbox 1089 2259 1092 2264; x_wconf 84' lang='lat'><em>-</em></span> 
     </span>
     <span class='ocr_line' id='line_1_17' title="bbox 426 2313 1182 2481; baseline -0.004 -22"><span class='ocrx_word' id='word_1_99' title='bbox 426 2352 547 2459; x_wconf 82' lang='lat' dir='ltr'>Salvo</span> <span class='ocrx_word' id='word_1_100' title='bbox 571 2376 651 2454; x_wconf 85' lang='lat' dir='ltr'>iure</span> <span class='ocrx_word' id='word_1_101' title='bbox 671 2369 891 2479; x_wconf 78' lang='lat' dir='ltr'><em>principum</em></span> <span class='ocrx_word' id='word_1_102' title='bbox 907 2313 1182 2481; x_wconf 33' lang='lat' dir='ltr'>politicorum:</span> 
     </span>
    </p>
   </div>
   <div class='ocr_carea' id='block_1_4' title="bbox 272 2542 1289 3881">
    <p class='ocr_par' dir='ltr' id='par_1_5' title="bbox 272 2542 1289 3881">
     <span class='ocr_line' id='line_1_18' title="bbox 387 2542 1288 2657; baseline 0 -31"><span class='ocrx_word' id='word_1_103' title='bbox 387 2550 496 2628; x_wconf 90' lang='lat' dir='ltr'>Haec</span> <span class='ocrx_word' id='word_1_104' title='bbox 513 2542 661 2628; x_wconf 82' lang='lat' dir='ltr'>sametsr</span> <span class='ocrx_word' id='word_1_105' title='bbox 678 2568 774 2624; x_wconf 85' lang='lat' dir='ltr'>vera</span> <span class='ocrx_word' id='word_1_106' title='bbox 793 2543 896 2633; x_wconf 86' lang='lat' dir='ltr'>sunt,</span> <span class='ocrx_word' id='word_1_107' title='bbox 922 2546 1022 2625; x_wconf 90' lang='lat' dir='ltr'>nihil</span> <span class='ocrx_word' id='word_1_108' title='bbox 1047 2565 1177 2628; x_wconf 86' lang='lat' dir='ltr'>tamen</span> <span class='ocrx_word' id='word_1_109' title='bbox 1204 2573 1288 2657; x_wconf 79' lang='lat' dir='ltr'>pro</span> 
     </span>
     <span class='ocr_line' id='line_1_19' title="bbox 272 2645 1286 2754; baseline 0.004 -23"><span class='ocrx_word' id='word_1_110' title='bbox 272 2711 274 2716; x_wconf 68' lang='lat'><em>,</em></span> <span class='ocrx_word' id='word_1_111' title='bbox 309 2652 447 2742; x_wconf 85' lang='lat' dir='ltr'>hibet,</span> <span class='ocrx_word' id='word_1_112' title='bbox 483 2651 575 2754; x_wconf 86' lang='lat' dir='ltr'>quin</span> <span class='ocrx_word' id='word_1_113' title='bbox 609 2648 821 2751; x_wconf 85' lang='lat' dir='ltr'>primorum</span> <span class='ocrx_word' id='word_1_114' title='bbox 857 2645 1031 2727; x_wconf 85' lang='lat' dir='ltr'>ecclefiae</span> <span class='ocrx_word' id='word_1_115' title='bbox 1065 2648 1286 2735; x_wconf 86' lang='lat' dir='ltr'>seculorum</span> 
     </span>
     <span class='ocr_line' id='line_1_20' title="bbox 304 2748 1289 2856; baseline -0.006 -19"><span class='ocrx_word' id='word_1_116' title='bbox 304 2754 458 2856; x_wconf 83' lang='lat' dir='ltr'>synodi,</span> <span class='ocrx_word' id='word_1_117' title='bbox 485 2750 780 2834; x_wconf 87' lang='lat' dir='ltr'>conuocantibus</span> <span class='ocrx_word' id='word_1_118' title='bbox 797 2748 1094 2854; x_wconf 82' lang='lat' dir='ltr'>imperatoribus</span> <span class='ocrx_word' id='word_1_119' title='bbox 1113 2753 1289 2836; x_wconf 80' lang='lat' dir='ltr'>christia·</span> 
     </span>
     <span class='ocr_line' id='line_1_21' title="bbox 302 2849 1286 2946; baseline 0.003 -10"><span class='ocrx_word' id='word_1_120' title='bbox 302 2860 362 2938; x_wconf 92' lang='lat' dir='ltr'>nis</span> <span class='ocrx_word' id='word_1_121' title='bbox 389 2857 625 2946; x_wconf 79' lang='lat' dir='ltr'>celebratae,</span> <span class='ocrx_word' id='word_1_122' title='bbox 657 2849 913 2932; x_wconf 86' lang='lat' dir='ltr'>oecumenicis</span> <span class='ocrx_word' id='word_1_123' title='bbox 939 2852 1133 2934; x_wconf 80' lang='lat' dir='ltr'>accenseri</span> <span class='ocrx_word' id='word_1_124' title='bbox 1162 2881 1286 2938; x_wconf 85' lang='lat' dir='ltr'>merc·</span> 
     </span>
     <span class='ocr_line' id='line_1_22' title="bbox 295 2953 1287 3061; baseline 0 -21"><span class='ocrx_word' id='word_1_125' title='bbox 295 2964 431 3050; x_wconf 87' lang='lat' dir='ltr'>antur,</span> <span class='ocrx_word' id='word_1_126' title='bbox 457 2983 502 3037; x_wconf 89' lang='lat' dir='ltr'>ac</span> <span class='ocrx_word' id='word_1_127' title='bbox 516 2957 685 3061; x_wconf 86' lang='lat' dir='ltr'>semper,</span> <span class='ocrx_word' id='word_1_128' title='bbox 711 2972 751 3030; x_wconf 89' lang='lat' dir='ltr'>ct</span> <span class='ocrx_word' id='word_1_129' title='bbox 768 2953 912 3060; x_wconf 87' lang='lat' dir='ltr'>vbique</span> <span class='ocrx_word' id='word_1_130' title='bbox 930 2954 991 3034; x_wconf 92' lang='lat' dir='ltr'>his</span> <span class='ocrx_word' id='word_1_131' title='bbox 1011 2960 1287 3040; x_wconf 76' lang='lat' dir='ltr'>adnumeratae</span> 
     </span>
     <span class='ocr_line' id='line_1_23' title="bbox 298 3056 1287 3163; baseline 0.003 -22"><span class='ocrx_word' id='word_1_132' title='bbox 298 3063 461 3142; x_wconf 79' lang='lat' dir='ltr'>luerint:</span> <span class='ocrx_word' id='word_1_133' title='bbox 488 3060 739 3160; x_wconf 86' lang='lat' dir='ltr'>imperatores</span> <span class='ocrx_word' id='word_1_134' title='bbox 757 3056 860 3136; x_wconf 88' lang='lat' dir='ltr'>enim</span> <span class='ocrx_word' id='word_1_135' title='bbox 886 3057 1077 3137; x_wconf 82' lang='lat' dir='ltr'>christiani</span> <span class='ocrx_word' id='word_1_136' title='bbox 1097 3061 1226 3163; x_wconf 87' lang='lat' dir='ltr'>pacis,</span> <span class='ocrx_word' id='word_1_137' title='bbox 1246 3083 1287 3144; x_wconf 86' lang='lat' dir='ltr'>ec</span> 
     </span>
     <span class='ocr_line' id='line_1_24' title="bbox 299 3156 1283 3265; baseline -0.001 -22"><span class='ocrx_word' id='word_1_138' title='bbox 299 3160 587 3265; x_wconf 61' lang='lat' dir='ltr'>tranquillitatis</span> <span class='ocrx_word' id='word_1_139' title='bbox 605 3160 646 3237; x_wconf 93' lang='lat' dir='ltr'>in</span> <span class='ocrx_word' id='word_1_140' title='bbox 667 3156 845 3246; x_wconf 84' lang='lat' dir='ltr'>ecclelia,</span> <span class='ocrx_word' id='word_1_141' title='bbox 866 3179 906 3239; x_wconf 84' lang='lat' dir='ltr'>et</span> <span class='ocrx_word' id='word_1_142' title='bbox 923 3160 1120 3263; x_wconf 78' lang='lat' dir='ltr'>republica</span> <span class='ocrx_word' id='word_1_143' title='bbox 1136 3163 1283 3245; x_wconf 85' lang='lat' dir='ltr'>conser-</span> 
     </span>
     <span class='ocr_line' id='line_1_25' title="bbox 299 3258 1283 3368; baseline -0.002 -22"><span class='ocrx_word' id='word_1_144' title='bbox 299 3270 445 3346; x_wconf 87' lang='lat' dir='ltr'>uandae</span> <span class='ocrx_word' id='word_1_145' title='bbox 463 3258 632 3355; x_wconf 87' lang='lat' dir='ltr'>studiofi‚</span> <span class='ocrx_word' id='word_1_146' title='bbox 650 3282 746 3363; x_wconf 88' lang='lat' dir='ltr'>quae</span> <span class='ocrx_word' id='word_1_147' title='bbox 765 3263 873 3339; x_wconf 90' lang='lat' dir='ltr'>nulla</span> <span class='ocrx_word' id='word_1_148' title='bbox 887 3286 931 3339; x_wconf 90' lang='lat' dir='ltr'>re</span> <span class='ocrx_word' id='word_1_149' title='bbox 948 3264 1069 3367; x_wconf 83' lang='lat' dir='ltr'>magis</span> <span class='ocrx_word' id='word_1_150' title='bbox 1090 3277 1207 3368; x_wconf 82' lang='lat' dir='ltr'>quam</span> <span class='ocrx_word' id='word_1_151' title='bbox 1226 3290 1283 3345; x_wconf 85' lang='lat' dir='ltr'>re·</span> 
     </span>
     <span class='ocr_line' id='line_1_26' title="bbox 292 3363 1283 3473; baseline -0.003 -25"><span class='ocrx_word' id='word_1_152' title='bbox 292 3368 447 3473; x_wconf 85' lang='lat' dir='ltr'>ligionis</span> <span class='ocrx_word' id='word_1_153' title='bbox 471 3363 618 3445; x_wconf 88' lang='lat' dir='ltr'>diffidio</span> <span class='ocrx_word' id='word_1_154' title='bbox 644 3363 791 3443; x_wconf 90' lang='lat' dir='ltr'>turbari</span> <span class='ocrx_word' id='word_1_155' title='bbox 818 3364 1283 3456; x_wconf 81' lang='lat' dir='ltr'>solet‚etNurn1r1o·</span> 
     </span>
     <span class='ocr_line' id='line_1_27' title="bbox 294 3466 1282 3573; baseline 0.004 -27"><span class='ocrx_word' id='word_1_156' title='bbox 294 3496 398 3548; x_wconf 76' lang='lat' dir='ltr'>nvn</span> <span class='ocrx_word' id='word_1_157' title='bbox 425 3466 633 3552; x_wconf 82' lang='lat' dir='ltr'>ecclefiae.</span> <span class='ocrx_word' id='word_1_158' title='bbox 659 3486 700 3545; x_wconf 90' lang='lat' dir='ltr'>et</span> <span class='ocrx_word' id='word_1_159' title='bbox 727 3468 1017 3545; x_wconf 78' lang='lat' dir='ltr'>Daseusouvn</span> <span class='ocrx_word' id='word_1_160' title='bbox 1043 3470 1282 3573; x_wconf 85' lang='lat' dir='ltr'>reipublicae</span> 
     </span>
     <span class='ocr_line' id='line_1_28' title="bbox 291 3564 1279 3676; baseline 0.001 -25"><span class='ocrx_word' id='word_1_161' title='bbox 291 3572 419 3651; x_wconf 89' lang='lat' dir='ltr'>officio</span> <span class='ocrx_word' id='word_1_162' title='bbox 435 3574 508 3651; x_wconf 90' lang='lat' dir='ltr'>hac</span> <span class='ocrx_word' id='word_1_163' title='bbox 531 3574 572 3649; x_wconf 89' lang='lat' dir='ltr'>in</span> <span class='ocrx_word' id='word_1_164' title='bbox 591 3592 701 3672; x_wconf 88' lang='lat' dir='ltr'>parte</span> <span class='ocrx_word' id='word_1_165' title='bbox 724 3568 848 3650; x_wconf 74' lang='lat' dir='ltr'>fundi</span> <span class='ocrx_word' id='word_1_166' title='bbox 863 3564 931 3646; x_wconf 87' lang='lat' dir='ltr'>fibi</span> <span class='ocrx_word' id='word_1_167' title='bbox 950 3570 1039 3651; x_wconf 92' lang='lat' dir='ltr'>inde</span> <span class='ocrx_word' id='word_1_168' title='bbox 1057 3573 1158 3649; x_wconf 88' lang='lat' dir='ltr'>nihil</span> <span class='ocrx_word' id='word_1_169' title='bbox 1174 3592 1279 3676; x_wconf 84' lang='lat' dir='ltr'>pote·</span> 
     </span>
     <span class='ocr_line' id='line_1_29' title="bbox 290 3671 1281 3782; baseline 0 -28"><span class='ocrx_word' id='word_1_170' title='bbox 290 3673 408 3754; x_wconf 85' lang='lat' dir='ltr'>statis&#39;</span> <span class='ocrx_word' id='word_1_171' title='bbox 425 3673 634 3779; x_wconf 88' lang='lat' dir='ltr'>spiritualis</span> <span class='ocrx_word' id='word_1_172' title='bbox 660 3673 703 3749; x_wconf 91' lang='lat' dir='ltr'>in</span> <span class='ocrx_word' id='word_1_173' title='bbox 729 3671 947 3749; x_wconf 86' lang='lat' dir='ltr'>decidendis</span> <span class='ocrx_word' id='word_1_174' title='bbox 970 3673 1134 3782; x_wconf 84' lang='lat' dir='ltr'>negotiis</span> <span class='ocrx_word' id='word_1_175' title='bbox 1157 3676 1281 3754; x_wconf 86' lang='lat' dir='ltr'>eccle·</span> 
     </span>
     <span class='ocr_line' id='line_1_30' title="bbox 293 3775 977 3881; baseline -0.016 -21"><span class='ocrx_word' id='word_1_176' title='bbox 293 3775 445 3860; x_wconf 84' lang='lat' dir='ltr'>srassicis</span> <span class='ocrx_word' id='word_1_177' title='bbox 463 3779 650 3881; x_wconf 84' lang='lat' dir='ltr'>adrogare</span> <span class='ocrx_word' id='word_1_178' title='bbox 667 3777 977 3879; x_wconf 77' lang='lat' dir='ltr'>praetenderunt.</span> 
     </span>
    </p>
   </div>
   <div class='ocr_carea' id='block_1_5' title="bbox 287 3966 1278 4374">
    <p class='ocr_par' dir='ltr' id='par_1_6' title="bbox 287 3966 1277 4056">
     <span class='ocr_line' id='line_1_31' title="bbox 287 3966 1277 4056; baseline -0.006 -12"><span class='ocrx_word' id='word_1_179' title='bbox 287 3975 395 4043; x_wconf 76' lang='lat' dir='ltr'>aeus</span> <span class='ocrx_word' id='word_1_180' title='bbox 412 3973 497 4037; x_wconf 87' lang='lat' dir='ltr'>enirn</span> <span class='ocrx_word' id='word_1_181' title='bbox 515 3971 756 4037; x_wconf 87' lang='lat' dir='ltr'>conuocationis</span> <span class='ocrx_word' id='word_1_182' title='bbox 773 3973 805 4036; x_wconf 92' lang='lat' dir='ltr'>in</span> <span class='ocrx_word' id='word_1_183' title='bbox 816 3974 847 4036; x_wconf 86' lang='lat' dir='ltr'>se</span> <span class='ocrx_word' id='word_1_184' title='bbox 862 3966 942 4035; x_wconf 93' lang='lat' dir='ltr'>nihil</span> <span class='ocrx_word' id='word_1_185' title='bbox 953 3971 1116 4056; x_wconf 77' lang='lat' dir='ltr'>spirituale</span> <span class='ocrx_word' id='word_1_186' title='bbox 1125 3972 1277 4049; x_wconf 83' lang='lat' dir='ltr'>inoluuit,</span> 
     </span>
    </p>

    <p class='ocr_par' dir='ltr' id='par_1_7' title="bbox 307 4054 1278 4144">
     <span class='ocr_line' id='line_1_32' title="bbox 307 4054 1278 4144; baseline -0.003 -21"><span class='ocrx_word' id='word_1_187' title='bbox 307 4129 311 4144; x_wconf 56' lang='lat'>‚</span> <span class='ocrx_word' id='word_1_188' title='bbox 372 4070 406 4123; x_wconf 88' lang='lat' dir='ltr'>et</span> <span class='ocrx_word' id='word_1_189' title='bbox 428 4056 562 4122; x_wconf 90' lang='lat' dir='ltr'>hincab</span> <span class='ocrx_word' id='word_1_190' title='bbox 588 4054 856 4137; x_wconf 86' lang='lat' dir='ltr'>imperatoribus,</span> <span class='ocrx_word' id='word_1_191' title='bbox 881 4071 1016 4137; x_wconf 87' lang='lat' dir='ltr'>quorum</span> <span class='ocrx_word' id='word_1_192' title='bbox 1041 4058 1181 4142; x_wconf 88' lang='lat' dir='ltr'>imperio</span> <span class='ocrx_word' id='word_1_193' title='bbox 1205 4058 1278 4120; x_wconf 87' lang='lat' dir='ltr'>vni-</span> 
     </span>
    </p>

    <p class='ocr_par' dir='ltr' id='par_1_8' title="bbox 371 4136 1276 4227">
     <span class='ocr_line' id='line_1_33' title="bbox 371 4136 1276 4227; baseline 0.001 -22"><span class='ocrx_word' id='word_1_194' title='bbox 371 4144 460 4206; x_wconf 83' lang='lat' dir='ltr'>uersa</span> <span class='ocrx_word' id='word_1_195' title='bbox 481 4139 716 4227; x_wconf 87' lang='lat' dir='ltr'>propemodum</span> <span class='ocrx_word' id='word_1_196' title='bbox 732 4136 864 4202; x_wconf 79' lang='lat' dir='ltr'>ecclesia</span> <span class='ocrx_word' id='word_1_197' title='bbox 880 4150 959 4203; x_wconf 89' lang='lat' dir='ltr'>tuuc</span> <span class='ocrx_word' id='word_1_198' title='bbox 976 4143 1134 4224; x_wconf 81' lang='lat' dir='ltr'>temporis</span> <span class='ocrx_word' id='word_1_199' title='bbox 1154 4142 1276 4206; x_wconf 84' lang='lat' dir='ltr'>inclusa</span> 
     </span>
    </p>

    <p class='ocr_par' dir='ltr' id='par_1_9' title="bbox 368 4220 1275 4374">
     <span class='ocr_line' id='line_1_34' title="bbox 368 4220 1275 4322; baseline -0.003 -31"><span class='ocrx_word' id='word_1_200' title='bbox 368 4223 439 4305; x_wconf 78' lang='lat' dir='ltr'>isit,</span> <span class='ocrx_word' id='word_1_201' title='bbox 453 4227 522 4293; x_wconf 84' lang='lat' dir='ltr'>iure</span> <span class='ocrx_word' id='word_1_202' title='bbox 540 4221 688 4291; x_wconf 81' lang='lat' dir='ltr'>exerceri</span> <span class='ocrx_word' id='word_1_203' title='bbox 703 4224 829 4312; x_wconf 70' lang='lat' dir='ltr'>potuis,</span> <span class='ocrx_word' id='word_1_204' title='bbox 839 4220 918 4291; x_wconf 80' lang='lat' dir='ltr'>sicut</span> <span class='ocrx_word' id='word_1_205' title='bbox 933 4231 968 4289; x_wconf 86' lang='lat' dir='ltr'>et</span> <span class='ocrx_word' id='word_1_206' title='bbox 983 4221 1081 4293; x_wconf 83' lang='lat' dir='ltr'>hodie</span> <span class='ocrx_word' id='word_1_207' title='bbox 1099 4244 1143 4290; x_wconf 87' lang='lat' dir='ltr'>ex</span> <span class='ocrx_word' id='word_1_208' title='bbox 1161 4223 1275 4322; x_wconf 72' lang='lat' dir='ltr'>eadem</span> 
     </span>
     <span class='ocr_line' id='line_1_35' title="bbox 1135 4323 1230 4374; baseline 0 -2"><span class='ocrx_word' id='word_1_209' title='bbox 1135 4323 1230 4374; x_wconf 74' lang='lat' dir='ltr'>ratio·</span> 
     </span>
    </p>
   </div>
   <div class='ocr_carea' id='block_1_6' title="bbox 0 0 1604 5092">
    <p class='ocr_par' dir='ltr' id='par_1_10' title="bbox 0 0 1604 5092">
     <span class='ocr_line' id='line_1_36' title="bbox 0 0 1604 5092; baseline 0 15"><span class='ocrx_word' id='word_1_210' title='bbox 0 0 1604 5092; x_wconf 95' lang='lat' dir='ltr'> </span> 
     </span>
    </p>
   </div>
  </div>
 </body>
</html>
