3200 5092
327 587 380 666 30
424 561 846 655 lvmsmvnnumnu
865 560 1264 667 Eccuusrnsrrcnu,

325 732 516 841 singulare
540 734 672 814 foedus
687 732 824 823 iniret,
851 739 1008 817 Genus.
1034 743 1117 819 XII.
1151 741 1314 824 Meffiae

326 861 380 915 ex
396 839 538 918 semine
558 838 641 915 eius
656 837 796 942 orituri
811 839 1090 943 proniffionen
1101 847 1318 943 contineor,

326 942 484 1019 Currus.
508 936 596 1017 ibid.
616 965 651 1040 3.
673 943 811 1017 XVIII.
831 956 890 1035 18.
914 945 1031 1022 XXII.
1058 967 1118 1050 17.
1143 948 1319 1031 minnela

323 1040 632 1146 clreumcifione,
659 1043 876 1164 additisque
898 1047 1198 1150 promiffionibus
1221 1052 1312 1134 aliis

266 1177 268 1181 ·
324 1150 372 1225 de
400 1146 691 1251 multiplicando
716 1146 885 1240 semme,
912 1175 959 1229 ac
984 1150 1203 1256 polleffione
1236 1175 1314 1234 ter·

233 1271 236 1275 ’
322 1275 392 1329 rae
416 1254 570 1332 Canaan
598 1245 805 1336 firmatum.
841 1252 1000 1337 Grues.
1019 1258 1145 1337 XVII
1171 1260 1312 1337 XVIII.

232 1431 238 1440 .
309 1356 397 1458 sea·
525 1403 527 1408 <
1013 1502 1014 1505 Ὺ

724 1508 764 1615 p.
799 1507 885 1590 xu.
1075 1512 1078 1519 ’

324 1705 497 1793 Tandem
519 1709 567 1819 in·
582 1716 738 1795 Morsu
748 1714 951 1823 p'lenzfflme
968 1718 1310 1830 perfeciqmficiffe.

347 1939 349 1946 ,
399 1894 559 1971 Foedus
576 1893 649 1973 hoc
666 1889 841 1970 diuinum
866 1895 977 1994 plene
991 1897 1033 1973 in
1049 1902 1204 1979 Morsu
1221 1925 1308 2005 per·
1354 1940 1356 1944 s

196 2075 198 2082 s
318 1994 462 2074 renum
490 1994 571 2089 est3
608 1995 820 2175 postpuam'
838 1995 940 2074 enim
977 2001 1081 2078 Deus
1119 2005 1306 2106 populum

318 2098 541 2179 Hebraeum
574 2097 684 2177 seul
725 2098 923 2176 aeliticum
957 2096 1175 2204 specialiter
1209 2129 1243 2189 a,
1262 2102 1303 2179 se

317 2200 499 2290 ereetum,
526 2200 768 2280 idololatriae
792 2220 942 2295 tamen,
969 2224 1008 2281 et
1027 2202 1303 2309 superstitionis
1330 2256 1335 2264 «

314 2306 462 2404 summe-
477 2303 648 2383 deditum
666 2303 772 2381 duris
795 2326 916 2406 aeque
939 2328 986 2383 ao
1003 2308 1192 2411 prosperis
1211 2305 1304 2386 fatis

207 2445 209 2449 ⁷
314 2407 406 2489 satis
425 2429 602 2500 acuerat,
628 2403 776 2506 Moysis
799 2404 1010 2486 ministerio
1039 2407 1128 2488 usus
1153 2436 1230 2489 non
1247 2406 1306 2487 so·

313 2512 396 2590 lum
422 2509 674 2613 plenissumum
696 2506 755 2587 sui
782 2509 931 2587 cultum
954 2509 992 2591 ei
1016 2512 1302 2612 praescribere,
1368 2585 1371 2590 .

312 2615 420 2719 leges
441 2612 525 2693 suas
541 2610 740 2693 miraculis
756 2611 886 2705 nouis,
915 2630 954 2688 et
976 2612 1154 2713 plurimis
1174 2608 1303 2692 firma-

309 2741 380 2808 re,
397 2716 598 2797 vaticiniis
614 2717 836 2805 extendere,
853 2713 1054 2816 omniaque
1075 2713 1229 2821 scrIptis
1244 2717 1302 2793 di-

313 2819 404 2916 uina
421 2818 651 2901 auetoritate
674 2812 872 2920 propositis
900 2813 1147 2897 confirmare:
1175 2817 1241 2897 sed
1260 2839 1301 2900 et
1358 2835 1367 2874 -“

290 2908 471 3002 ‘Ciuilem
494 2919 731 3024 reipublicae
763 2917 900 2997 statum
929 2917 1109 3023 institutis
1143 2919 1302 3026 optimis

308 3023 496 3104 instruere
521 3024 659 3102 voluit.
687 3021 822 3101 Exou.
839 3022 942 3099 XIX.
963 3020 1000 3097 6.
1026 3036 1061 3115 8.
1094 3026 1299 3102 Duvruu.

311 3131 451 3207 XXIX.
475 3155 508 3205 2.
535 3130 628 3204 Ivu.
651 3127 736 3201 VII.
766 3129 792 3200 I.
812 3128 919 3203 Rue.
939 3126 1022 3202 VII.
1079 3131 1208 3231 Quare
1225 3124 1300 3204 sor-

214 3324 218 3330 *
305 3258 374 3309 rna
392 3232 562 3312 ciuitatis
581 3225 818 3312 ‘israeliticae
850 3221 1092 3309 Ilieoeratica
1115 3228 1221 3313 reete
1237 3228 1299 3306 ad·
1363 3242 1366 3247 ’

211 3398 213 3402 -
310 3339 491 3438 pellatur·
542 3383 544 3386 ’
1050 3393 1052 3397 “
1320 3416 1323 3419 ⁴

265 3514 267 3520 ·
311 3486 462 3567 Quamuis
478 3488 562 3554 enirn
586 3486 725 3573 Moyses
751 3496 785 3550 et
810 3486 979 3562 Sentetes,
999 3496 1043 3568 „et
1067 3484 1140 3573 post
1165 3482 1296 3568 Moysis

393 3572 517 3636 obitum
536 3571 647 3647 Iosue,
666 3569 783 3634 deinde
800 3569 927 3642 Iudices
953 3573 1185 3656 rempublicam
1205 3572 1298 3635 israe·

280 3728 284 3735 ,
391 3655 512 3719 liticam
524 3653 783 3720 moderarentur:
807 3656 897 3720 Deus
912 3667 1017 3721 tamen
1035 3658 1172 3719 summae
1190 3668 1297 3717 rerum

324 3754 327 3760 “
391 3749 558 3824 praeerat,
580 3748 614 3800 et
630 3755 694 3802 nou
712 3735 812 3802 modo
833 3743 937 3818 sacra,
958 3738 1014 3803 sed
1034 3750 1067 3801 et
1093 3738 1203 3803 civilia
1231 3753 1299 3802 om·
1356 3794 1360 3808 ,

391 3823 442 3886 nia
456 3824 605 3903 supremo
632 3838 707 3885 cum
736 3822 899 3906 imperIo,
929 3839 989 3885 ceu
1019 3822 1095 3885 Rex
1124 3821 1322 3903 politicuS,

390 3905 533 3991 regebat,
548 3914 588 3968 vt
596 3905 644 3970 illi
653 3908 807 3970 uicarium
818 3920 938 3975 tautum
953 3906 1123 3990 imperlum
1132 3914 1298 3989 gererent,

332 3986 344 3998 ''
391 4004 427 4056 et
441 3996 528 4057 iuxta
543 3988 608 4051 Dei
624 3990 774 4077 responsa
794 3992 853 4078 vel
867 4003 1040 4077 praecepta
1066 3987 1298 4071 rempublicam

392 4072 650 4157 administrarent.
989 4145 993 4151 ,

935 4380 941 4391 ,
988 4279 991 4284 ’
1077 4290 1252 4397 §.utu
