3200 5092
676 557 766 637 Psa
794 580 823 636 lt
850 583 880 638 s·
916 563 948 639 1.
1243 601 1292 684 ¹9

385 750 457 813 vago
487 748 589 792 viam
627 747 915 810 comanvnmnan
953 754 1289 822 immonnamanm
1377 803 1380 808 .

251 847 253 852 ·
385 832 631 880 asnnmnaann.

568 973 571 983 ’
697 1001 737 1107 5.
767 1007 905 1085 xxm.

319 1191 484 1312 Ν.)Εκ
507 1200 729 1308 ignorantia
748 1184 951 1285 mediorum
968 1206 1048 1291 Dei
1081 1211 1288 1296 amicitiam

539 1309 545 1320 '
642 1306 921 1389 reconciliandi.

311 1562 314 1569 ,
399 1464 497 1570 Quid
522 1460 552 1537 fi
582 1460 693 1542 venit
726 1462 769 1541 in
806 1486 973 1547 mentem
1007 1469 1286 1555 toescaiermn

313 1572 498 1681 memoria,
526 1563 661 1669 quibus
680 1567 867 1668 optimum
886 1572 983 1652 illud
1012 1573 1163 1673 quidem
1173 1621 1189 1668 ,·
1218 1577 1282 1655 sed

309 1669 523 1751 nitffimum
549 1662 659 1744 simul
683 1694 824 1750 numen
859 1675 1016 1753 anobis
1052 1676 1282 1758 abalienaui

306 1780 411 1853 musi:
433 1770 572 1855 fierine
589 1769 735 1873 potest,
769 1796 813 1856 ut
841 1791 1011 1857 amorem
1043 1777 1149 1865 eius,
1187 1782 1278 1861 ami·

305 1873 496 1984 citiamqne
514 1873 623 1952 nobis
647 1876 918 1976 polliceamur,
945 1903 1149 1983 antequam
1173 1881 1280 1961 iusti-

302 1979 467 2061 tiae-eius
492 1978 723 2063 exaiiiffime
745 1978 977 2064 satisfabtum
998 1982 1080 2063 esti
1111 1990 1164 2063 At
1194 1985 1282 2065 eius

297 2085 439 2187 generis
453 2086 617 2164 medium
634 2080 852 2179 efficiendi,
877 2108 923 2167 vt
947 2086 1046 2167 fabia
1098 2110 1275 2190 erperam

295 2210 357 2287 pm
374 2188 525 2268 inferiis
541 2189 776 2283 habeantur,
803 2211 844 2269 et
866 2190 1034 2269 diuinam
1071 2188 1127 2266 1bi
1143 2190 1279 2269 volun·
1304 2231 1308 2281 ς

294 2301 416 2406 tatem
428 2295 588 2370 ¹(iterante
609 2287 770 2372 aciionis
788 2291 938 2375 malitia
963 2291 1194 2374 conciliandi
1216 2316 1277 2371 ra·

291 2393 521 2489 tmomnin'o
543 2396 703 2499 ignorat.

292 2551 531 2623 sociiiaiomni
563 2555 657 2642 impia
681 2544 836 2620 ioanni
871 2552 941 2631 est,
971 2557 1185 2625 satisfaffto'ne
1218 2554 1278 2623 hec

371 2641 448 2707 Deo
463 2639 588 2706 ¹minime
607 2656 690 2724 opus
706 2636 784 2715 effe,
806 2641 980 2722 aiuntque,
1002 2642 1050 2704 ilii
1070 2639 1135 2705 no'n
1162 2640 1278 2719 minus,

367 2723 612 2809 amueeuique
638 2725 705 2807 regi
731 2726 890 2809 integrum
919 2720 1002 2800 esse,
1025 2723 1137 2788 deiittt
1162 2726 1279 2799 etiam,

367 2808 486 2893 absque
506 2831 543 2877 ea
561 2808 583 2874 s1
607 2806 662 2875 snt,
692 2811 821 2873 veniam
841 2806 973 2881 facere,
1002 2808 1057 2871 sed
1082 2804 1278 2893 distinguunt

305 2949 308 2956 .
367 2889 541 2959 stultiffimi.
552 2892 734 2957 mortalium
754 2892 842 2970 duo,
874 2910 955 2977 qnae
981 2893 1120 2978 separari
1145 2895 1275 2957 minime

323 3033 325 3039 .
367 2975 542 3044 debebant.
585 2974 661 3040 Esto
679 2979 763 3042 enim
779 2973 813 3042 id
833 2972 938 3040 facere
966 2978 1039 3040 bum
1113 2972 1174 3054 tie,
1196 2974 1275 3059 quid

366 3057 467 3148 finon
485 3058 599 3128 velit?
622 3059 719 3144 Spem
738 3058 868 3145 quidem
895 3057 1022 3125 adferre
1050 3061 1188 3145 aiquam
1216 3078 1273 3143 po·
1323 3119 1325 3123 ,

367 3143 423 3209 test
440 3152 558 3213 stimma
587 3146 732 3220 bonitas,
762 3142 818 3208 sed
847 3141 937 3207 haec·
953 3142 1087 3208 institiae
1111 3142 1269 3209 aduersari
1382 3207 1388 3218 ,

365 3243 430 3295 non
461 3228 603 3311 potest(
643 3225 958 3294 Animaduertendtts
983 3225 1036 3291 hic
1088 3225 1271 3291 mimorum

360 3312 405 3377 esi
423 3315 536 3398 errat,
558 3312 612 3400 qui
630 3328 727 3398 quum
751 3310 793 3374 de
805 3309 918 3378 diuinis
938 3308 1194 3397 persebiionibue
1212 3306 1271 3371 dis-

361 3395 486 3476 serunt,
509 3417 546 3463 ea
572 3410 696 3461 temere
720 3396 915 3481 seiungenda
935 3394 1154 3468 contendunt,
1186 3409 1270 3477 quae

355 3497 399 3545 ne
417 3483 558 3568 intelligi
574 3480 703 3567 quidem
722 3481 752 3544 in
781 3482 874 3560 Deo,
897 3483 952 3548 nisi
981 3474 1170 3556 coniuncta,
1198 3481 1270 3562 pos·

305 3607 307 3612 ,
357 3569 440 3632 sbnt.
460 3565 581 3647 “Quod
599 3565 805 3650 sapientiam,
835 3568 925 3649 quod
955 3564 1149 3640 bonitatem,
1178 3559 1268 3647 quod

357 3647 502 3715 iustitiam
519 3653 685 3736 separatim
703 3650 865 3714 examinet
885 3650 1130 3731 Theologorum
1149 3646 1266 3725 schola,

355 3732 389 3797 it
408 3730 473 3813 est,
504 3748 643 3799 exarte
670 3732 830 3805 tacenti,
861 3736 893 3798 in
920 3737 993 3800 Deo
1025 3731 1151 3812 quidem
1184 3730 1267 3794 baec

352 3817 457 3881 omnia
473 3834 569 3882 unum
595 3819 684 3895 sunt,
716 3815 904 3895 indIuisum,
928 3831 961 3884 et
985 3833 1049 3882 non
1076 3814 1262 3899 separabile.

349 3899 436 3974 ¹Non
454 3902 531 3967 vuit
553 3902 670 3985 igitur,
693 3915 733 3964 vt
750 3899 856 3966 bonus
884 3901 947 3979 est,
978 3900 1065 3986 quod
1092 3917 1154 3983 qua
1181 3897 1266 3961 idem

352 3981 398 4046 est
417 3982 535 4062 iustus,
560 3987 653 4051 veile
672 4001 735 4049 non
759 3982 881 4069 potest,
910 3988 982 4074 quia
999 3983 1114 4052 iustitia
1133 3998 1153 4047 ‘a
1173 3981 1264 4047 boni·

291 4093 293 4098 ·
349 4068 623 4156 tatenonpatest
645 4069 827 4159 separaris

734 4272 815 4363 132
1003 4266 1044 4373 ς,
1070 4266 1209 4349 xxm.
1292 4206 1300 4226 ’
