3200 5092
649 534 928 654 Pansl.¹
1091 477 1094 482 Ι
1207 551 1298 639 1ss

655 720 693 823 r.
727 722 952 800 cnxxvu.

333 872 494 964 Exemtio
520 871 736 954 clericorum
769 871 984 1056 ‘’mffim
1009 899 1083 949 uon
1117 875 1168 974 est
1202 867 1297 950 iuris

705 997 820 1056 natur
860 1004 905 1055 IS.

416 1159 651 1258 Quamquam
680 1175 798 1252 porro
825 1150 998 1255 publicos
1024 1133 1205 1228 e'cclefiae
1231 1147 1298 1225 mi·

336 1253 449 1334 nistros
467 1255 595 1334 debita
620 1255 897 1356 persequendos
926 1252 999 1331 effe
1022 1251 1298 1337 veneratione,

334 1359 506 1462 ratioipsa
531 1356 813 1459 percipiat‚·id
844 1379 971 1435 tamen
992 1377 1043 1432 ex
1070 1381 1117 1432 ea
1146 1354 1297 1455 nequid·
1351 1409 1354 1414 -

285 1485 287 1490 '
332 1483 426 1638 Euam
442 1462 584 1540 elicere
604 1460 780 1536 nituntur
808 1458 1006 1552 nonnulli,
1045 1478 1093 1533 vt
1121 1458 1297 1537 ordinem

358 1587 415 1640 unc
431 1563 585 1641 omnino
602 1561 764 1661 imperio
781 1560 892 1639 ciuili
909 1559 1140 1652 subducant,
1177 1559 1296 1640 etiam
1354 1621 1360 1630 .

334 1662 371 1742 iis
382 1664 416 1741 in
443 1663 632 1771 negotiis,
657 1687 755 1765 quae
773 1667 820 1741 ad
839 1659 1035 1743 ecclefiam
1051 1661 1193 1740 referri
1214 1660 1295 1739 nul·

337 1765 478 1847 lomodo
493 1765 653 1872 poffunt.

335 1936 397 2006 Non
408 1939 594 2008 examinabo
610 1957 693 2006 nunc
718 1952 831 2008 textos
851 1944 954 2006 sacrae
968 1940 1161 2024 scripturae,
1189 1944 1224 2000 et
1247 1934 1296 1998 lu·-

395 2029 432 2090 ris
451 2026 606 2101 canonici,
629 2042 712 2106 quos
727 2028 767 2089 ad
780 2023 997 2090 stabiliendam
1012 2026 1199 2107 opinionem
1209 2021 1296 2085 stram

399 2107 548 2187 obtorto,
570 2121 611 2172 vt
635 2108 772 2186 dicitur,
793 2111 883 2174 collo
907 2108 1044 2174 trahunt.
1089 2108 1209 2190 Neque
1234 2120 1294 2164 ve·

397 2195 520 2258 ritatem
539 2189 703 2275 positionis
730 2211 848 2280 magno
873 2208 960 2256 nunc
984 2191 1136 2278 adparatu
1163 2187 1295 2274 demon·

399 2273 717 2356 linteaminum,
742 2297 836 2342 vrum
855 2295 924 2342 eam
939 2277 1115 2341 naturalem
1136 2272 1294 2338 rationem

291 2364 293 2368 ’
365 2401 367 2406 -
399 2365 590 2437 examinare,
612 2377 697 2426 nunc
724 2379 845 2448 operae
870 2363 1009 2447 pretium
1039 2355 1122 2436 fuit,
1154 2375 1219 2439 qua
1239 2354 1294 2418 ad·

275 2455 281 2466 '
399 2450 499 2511 neriae
518 2447 690 2510 sententiae
710 2449 839 2528 patroni
855 2445 994 2530 probare
1023 2454 1181 2514 conantur
1208 2437 1293 2504 ordi·

290 2557 292 2562 ·
395 2528 441 2594 nis
456 2530 532 2594 sacri
552 2528 764 2595 omnimodam
780 2533 1006 2594 exemtionem.
1049 2529 1100 2607 Ira
1125 2537 1234 2590 autem
1251 2521 1292 2592 P.

306 2631 308 2635 ·
394 2616 495 2678 Onno
522 2613 672 2677 Souanz
700 2611 751 2675 lib.
780 2609 828 2677 II.
849 2612 954 2674 decret.
976 2609 1024 2672 tit.
1056 2605 1104 2675 ΙΙ.
1142 2612 1179 2679 5.
1210 2601 1291 2671 VII.

393 2716 461 2760 ron.
482 2710 533 2778 47.
565 2697 639 2776 Pers
656 2695 746 2759 icarum
770 2694 827 2777 est,
850 2697 975 2780 inquit,
996 2692 1073 2777 quoa
1099 2690 1177 2757 num
1207 2701 1293 2774 pote·

387 2776 464 2860 stas,
485 2778 532 2843 vel
547 2719 710 2845 iurnalem
724 2777 811 2863 poffit
831 2780 915 2860 ferri
935 2779 1060 2866 propria
1081 2777 1190 2841 virtute
1203 2789 1291 2860 eterra

393 2862 516 2934 limites,
540 2882 566 2926 er
585 2887 670 2945 genos
681 2865 732 2943 sui
749 2862 870 2941 obiec‘li,
889 2859 932 2941 fic
948 2864 1044 2928 oculus
1062 2882 1115 2924 tou
1130 2853 1290 2946 potejlser·

393 2945 478 3008 ried
498 2948 717 3032 perspiciendum
726 2947 844 3026 firmem,
874 2968 922 3010 nee
944 2945 1058 3010 maliem
1082 2943 1120 3008 at
1146 2940 1288 3018 colorem,

341 3081 349 3086 ..
391 3030 457 3112 quia
469 3028 537 3091 mec
547 3034 614 3109 ¹sterit
633 3032 741 3094 oiiee‘lo
756 3047 843 3094 extra
858 3052 964 3113 gertus,
986 3025 1171 3116 ersplueram
1187 3025 1288 3088 talimi

388 3115 591 3200 potnatiarum,
613 3139 685 3197 ergo
703 3114 786 3176 etiam
802 3111 944 3200 potestas,
966 3132 995 3178 rt
1014 3111 1183 3178 iurisdic‘lio
1198 3108 1286 3185 laica,

387 3213 482 3281 utpote
496 3198 549 3275 ref
559 3198 648 3262 icieru
655 3199 743 3276 finem
759 3199 957 3286 temporalem,
977 3215 1004 3262 et
1027 3220 1085 3285 pro
1109 3195 1221 3261 obietto
1239 3189 1286 3252 ia·

388 3279 451 3343 beers
469 3220 605 3369 perduras
629 3286 783 3365 profanas,
805 3302 851 3345 res
877 3285 1065 3367 temporales,
1086 3297 1113 3342 et
1125 3278 1286 3375 politicas,

386 3385 438 3427 nort
452 3362 584 3447 potestse
602 3365 748 3444 extendere
771 3366 810 3428 ad
823 3369 961 3451 personas
984 3361 1198 3444 ecclestaflrcas.
1223 3378 1287 3443 Pes·

357 3515 362 3534 1
386 3446 446 3510 inde
461 3468 496 3510 ac
511 3450 588 3527 vifies
605 3472 659 3512 uon
673 3447 762 3539 potest
783 3451 946 3536 percipere,
952 3455 1068 3530 sonum,
1089 3465 1122 3510 eo
1145 3444 1223 3528 quod
1247 3441 1286 3518 lat

385 3548 469 3594 extra
488 3533 563 3596 eius¹
580 3534 724 3597 elicitum.
769 3535 958 3617 Aliquoties
983 3537 1113 3600 miratus
1136 3533 1203 3595 sum
1228 3545 1286 3612 po-

387 3611 477 3688 tuiffe
492 3619 584 3681 viros
599 3621 676 3685 alias
693 3635 757 3681 non
772 3612 922 3681 indotlos
935 3614 992 3681 tbi
1014 3614 1221 3702 persuadere.
1243 3623 1286 3676 vt
1310 3687 1313 3691 ,

389 3695 461 3762 huic
479 3716 668 3783 argumento
687 3701 807 3787 aliquid
832 3698 929 3765 messe
954 3700 1108 3787 ponderis
1133 3691 1285 3764 existima·

374 3792 471 3847 rent.
501 3786 600 3849 vNam
617 3796 657 3848 vt
672 3783 735 3849 hoc
776 3786 856 3850 rimo
883 3785 960 3848 loco
982 3785 1162 3861 aduertam,
1183 3792 1284 3846 totam

387 3869 456 3931 vim
480 3868 549 3931 eius
576 3867 665 3933 fitam
711 3888 730 3933 e
755 3886 774 3931 e
796 3872 830 3933 in
859 3867 1021 3956 lirppoiita
1067 3869 1137 3933 eius
1164 3864 1284 3928 verita·

387 3959 438 4024 te,
468 3969 561 4035 quam
598 3964 716 4017 tamen*
742 3951 938 4038 probandam
981 3958 1125 4029 ilrmunt,
1155 3948 1281 4012 scilicet
1381 4023 1383 4027 Α

379 4032 515 4126 personas
536 4035 731 4117 ecclesnrllr‘cas
747 4057 801 4101 nou
820 4039 871 4122 effe
894 4035 1050 4116 niumm,
1073 4049 1112 4101 vt
1136 4033 1195 4098 ille
1220 4029 1282 4102 ait.

263 4163 266 4168 .
380 4117 596 4183 zurisdic‘lionis
611 4120 722 4185 ciuilis.
770 4121 857 4186 Nam
873 4118 928 4185 nisi
945 4125 990 4186 ita
1007 4121 1061 4199 srt,
1082 4135 1151 4182 non
1171 4115 1290 4180 video«

385 4204 565 4283 quamnim
584 4207 703 4290 paritas
723 4204 761 4270 ab
786 4208 884 4272 oculo
909 4203 1004 4272 dum
1021 4204 1139 4270 lubere
1165 4214 1271 4284 queat.

768 4288 855 4389 K5
1165 4287 1232 4350 De·
